@ARTICLE{1988MNRAS.234..459S,
       author = {{Subramanian}, Kandaswamy},
        title = "{On galaxy formation in asymmetric dark haloes}",
      journal = {\mnras},
     keywords = {Dark Matter, Elliptical Galaxies, Galactic Evolution, Gravitational Collapse, Halos, Angular Momentum, Galactic Clusters, Galactic Nuclei, Astrophysics},
         year = 1988,
        month = oct,
       volume = {234},
        pages = {459-476},
          doi = {10.1093/mnras/234.2.459},
       adsurl = {https://ui.adsabs.harvard.edu/abs/1988MNRAS.234..459S},
      adsnote = {Provided by the SAO/NASA Astrophysics Data System}
}

@ARTICLE{1998MNRAS.295..319M,
       author = {{Mo}, H.~J. and {Mao}, Shude and {White}, Simon D.~M.},
        title = "{The formation of galactic discs}",
      journal = {\mnras},
     keywords = {GALAXIES: FORMATION, GALAXIES: SPIRAL, GALAXIES: STRUCTURE, COSMOLOGY: THEORY, DARK MATTER, Astrophysics},
         year = 1998,
        month = apr,
       volume = {295},
       number = {2},
        pages = {319-336},
          doi = {10.1046/j.1365-8711.1998.01227.x},
archivePrefix = {arXiv},
       eprint = {astro-ph/9707093},
 primaryClass = {astro-ph},
       adsurl = {https://ui.adsabs.harvard.edu/abs/1998MNRAS.295..319M},
      adsnote = {Provided by the SAO/NASA Astrophysics Data System}
}

@ARTICLE{2015ARA&A..53...51S,
       author = {{Somerville}, Rachel S. and {Dav{\'e}}, Romeel},
        title = "{Physical Models of Galaxy Formation in a Cosmological Framework}",
      journal = {\araa},
     keywords = {Astrophysics - Astrophysics of Galaxies},
         year = 2015,
        month = aug,
       volume = {53},
        pages = {51-113},
          doi = {10.1146/annurev-astro-082812-140951},
archivePrefix = {arXiv},
       eprint = {1412.2712},
 primaryClass = {astro-ph.GA},
       adsurl = {https://ui.adsabs.harvard.edu/abs/2015ARA&A..53...51S},
      adsnote = {Provided by the SAO/NASA Astrophysics Data System}
}

@ARTICLE{2021A&A...647A.185G,
       author = {{Georgiou}, Christos and {Hoekstra}, Henk and {Kuijken}, Konrad and {Bilicki}, Maciej and {Dvornik}, Andrej and {Erben}, Thomas and {Giblin}, Benjamin and {Heymans}, Catherine and {Hildebrandt}, Hendrik and {de Jong}, Jelte T.~A. and {Kannawadi}, Arun and {Schneider}, Peter and {Schrabback}, Tim and {Shan}, Huan Yuan and {Wright}, Angus H.},
        title = "{Halo shapes constrained from a pure sample of central galaxies in KiDS-1000}",
      journal = {\aap},
     keywords = {gravitational lensing: weak, galaxies: general, Astrophysics - Astrophysics of Galaxies, Astrophysics - Cosmology and Nongalactic Astrophysics},
         year = 2021,
        month = mar,
       volume = {647},
          eid = {A185},
        pages = {A185},
          doi = {10.1051/0004-6361/201937405},
archivePrefix = {arXiv},
       eprint = {2102.03549},
 primaryClass = {astro-ph.GA},
       adsurl = {https://ui.adsabs.harvard.edu/abs/2021A&A...647A.185G},
      adsnote = {Provided by the SAO/NASA Astrophysics Data System}
}











