@ARTICLE{2024arXiv240708030V,
       author = {{Velmani}, Premvijay and {Paranjape}, Aseem},
        title = "{Dynamics of the response of dark matter halo to galaxy evolution in IllustrisTNG}",
      journal = {arXiv e-prints},
     keywords = {Astrophysics - Cosmology and Nongalactic Astrophysics, Astrophysics - Astrophysics of Galaxies},
         year = 2024,
        month = jul,
          eid = {arXiv:2407.08030},
        pages = {arXiv:2407.08030},
          doi = {10.48550/arXiv.2407.08030},
archivePrefix = {arXiv},
       eprint = {2407.08030},
 primaryClass = {astro-ph.CO},
       adsurl = {https://ui.adsabs.harvard.edu/abs/2024arXiv240708030V},
      adsnote = {Provided by the SAO/NASA Astrophysics Data System}
}

@ARTICLE{2024JCAP...05..080V,
       author = {{Velmani}, Premvijay and {Paranjape}, Aseem},
        title = "{A self-similar model of galaxy formation and dark halo relaxation}",
      journal = {\jcap},
     keywords = {galaxy dynamics, galaxy evolution, galaxy formation, semi-analytic modeling, Astrophysics - Astrophysics of Galaxies, Astrophysics - Cosmology and Nongalactic Astrophysics},
         year = 2024,
        month = may,
       volume = {2024},
       number = {5},
          eid = {080},
        pages = {080},
          doi = {10.1088/1475-7516/2024/05/080},
archivePrefix = {arXiv},
       eprint = {2311.13952},
 primaryClass = {astro-ph.GA},
       adsurl = {https://ui.adsabs.harvard.edu/abs/2024JCAP...05..080V},
      adsnote = {Provided by the SAO/NASA Astrophysics Data System}
}

@ARTICLE{2023MNRAS.520.2867V,
       author = {{Velmani}, Premvijay and {Paranjape}, Aseem},
        title = "{The quasi-adiabatic relaxation of haloes in the IllustrisTNG and EAGLE cosmological simulations}",
      journal = {\mnras},
     keywords = {methods: numerical, galaxies: formation, cosmology: theory, dark matter, Astrophysics - Astrophysics of Galaxies, Astrophysics - Cosmology and Nongalactic Astrophysics},
         year = 2023,
        month = apr,
       volume = {520},
       number = {2},
        pages = {2867-2886},
          doi = {10.1093/mnras/stad297},
archivePrefix = {arXiv},
       eprint = {2206.07733},
 primaryClass = {astro-ph.GA},
       adsurl = {https://ui.adsabs.harvard.edu/abs/2023MNRAS.520.2867V},
      adsnote = {Provided by the SAO/NASA Astrophysics Data System}
}

