@ARTICLE{2006Dekel&Birnboim,
       author = {{Dekel}, Avishai and {Birnboim}, Yuval},
        title = "{Galaxy bimodality due to cold flows and shock heating}",
      journal = {\mnras},
     keywords = {shock waves, cooling flows, galaxies: evolution, galaxies: formation, galaxies: haloes, dark matter, Astrophysics},
         year = 2006,
        month = may,
       volume = {368},
       number = {1},
        pages = {2-20},
          doi = {10.1111/j.1365-2966.2006.10145.x},
archivePrefix = {arXiv},
       eprint = {astro-ph/0412300},
 primaryClass = {astro-ph},
       adsurl = {https://ui.adsabs.harvard.edu/abs/2006MNRAS.368....2D},
      adsnote = {Provided by the SAO/NASA Astrophysics Data System}
}

@ARTICLE{1984FillmoreGoldreich,
       author = {{Fillmore}, J.~A. and {Goldreich}, P.},
        title = "{Self-similar gravitational collapse in an expanding universe}",
      journal = {\apj},
     keywords = {Cosmology, Gravitational Collapse, Similarity Theorem, Universe, Asymptotic Properties, Numerical Integration, Particle Trajectories, Relativity, Symmetry, Astrophysics},
         year = 1984,
        month = jun,
       volume = {281},
        pages = {1-8},
          doi = {10.1086/162070},
       adsurl = {https://ui.adsabs.harvard.edu/abs/1984ApJ...281....1F},
      adsnote = {Provided by the SAO/NASA Astrophysics Data System}
}



@ARTICLE{1985Bertschinger,
       author = {{Bertschinger}, E.},
        title = "{Self-similar secondary infall and accretion in an Einstein-de Sitter universe}",
      journal = {\apjs},
     keywords = {Accretion Disks, Black Holes (Astronomy), Cosmology, Galactic Clusters, Galactic Evolution, Hydrodynamics, Relativity, Collisional Plasmas, Collisionless Plasmas, Density Distribution, Galactic Structure, Gravitational Collapse, Perturbation Theory, Shock Wave Propagation, Similarity Theorem, Astrophysics},
         year = 1985,
        month = may,
       volume = {58},
        pages = {39-65},
          doi = {10.1086/191028},
       adsurl = {https://ui.adsabs.harvard.edu/abs/1985ApJS...58...39B},
      adsnote = {Provided by the SAO/NASA Astrophysics Data System}
}


@ARTICLE{1989Bertschinger,
       author = {{Bertschinger}, Edmund},
        title = "{The Evolution of Cooling Flows: Self-similar Cooling Waves}",
      journal = {\apj},
     keywords = {Computational Astrophysics, Cooling Flows (Astrophysics), Elliptical Galaxies, Evolution (Development), Cosmic X Rays, Density Distribution, Virgo Galactic Cluster, Astrophysics, GALAXIES: INDIVIDUAL MESSIER NUMBER: M87, GALAXIES: CLUSTERING, GALAXIES: INTERGALACTIC MEDIUM, GALAXIES: X-RAYS, HYDRODYNAMICS},
         year = 1989,
        month = may,
       volume = {340},
        pages = {666},
          doi = {10.1086/167428},
       adsurl = {https://ui.adsabs.harvard.edu/abs/1989ApJ...340..666B},
      adsnote = {Provided by the SAO/NASA Astrophysics Data System}
}

@ARTICLE{2016ShiDMLamCDM,
       author = {{Shi}, Xun},
        title = "{The outer profile of dark matter haloes: an analytical approach}",
      journal = {\mnras},
     keywords = {methods: analytical, galaxies: clusters: general, cosmology: theory, dark matter, Astrophysics - Cosmology and Nongalactic Astrophysics},
         year = 2016,
        month = jul,
       volume = {459},
       number = {4},
        pages = {3711-3720},
          doi = {10.1093/mnras/stw925},
archivePrefix = {arXiv},
       eprint = {1603.01742},
 primaryClass = {astro-ph.CO},
       adsurl = {https://ui.adsabs.harvard.edu/abs/2016MNRAS.459.3711S},
      adsnote = {Provided by the SAO/NASA Astrophysics Data System}
}

@ARTICLE{2016ShiICM,
       author = {{Shi}, Xun},
        title = "{Locations of accretion shocks around galaxy clusters and the ICM properties: insights from self-similar spherical collapse with arbitrary mass accretion rates}",
      journal = {\mnras},
     keywords = {methods: analytical, galaxies: clusters: general, galaxies: clusters: intracluster medium, cosmology: theory, Astrophysics - Cosmology and Nongalactic Astrophysics},
         year = 2016,
        month = sep,
       volume = {461},
       number = {2},
        pages = {1804-1815},
          doi = {10.1093/mnras/stw1418},
archivePrefix = {arXiv},
       eprint = {1603.07183},
 primaryClass = {astro-ph.CO},
       adsurl = {https://ui.adsabs.harvard.edu/abs/2016MNRAS.461.1804S},
      adsnote = {Provided by the SAO/NASA Astrophysics Data System}
}

@ARTICLE{2023Velmani&Paranjape,
       author = {{Velmani}, Premvijay and {Paranjape}, Aseem},
        title = "{The quasi-adiabatic relaxation of haloes in the IllustrisTNG and EAGLE cosmological simulations}",
      journal = {\mnras},
     keywords = {methods: numerical, galaxies: formation, cosmology: theory, dark matter, Astrophysics - Astrophysics of Galaxies, Astrophysics - Cosmology and Nongalactic Astrophysics},
         year = 2023,
        month = apr,
       volume = {520},
       number = {2},
        pages = {2867-2886},
          doi = {10.1093/mnras/stad297},
archivePrefix = {arXiv},
       eprint = {2206.07733},
 primaryClass = {astro-ph.GA},
       adsurl = {https://ui.adsabs.harvard.edu/abs/2023MNRAS.520.2867V},
      adsnote = {Provided by the SAO/NASA Astrophysics Data System}
}

@ARTICLE{1986Blumenthal,
       author = {{Blumenthal}, G.~R. and {Faber}, S.~M. and {Flores}, R. and {Primack}, J.~R.},
        title = "{Contraction of Dark Matter Galactic Halos Due to Baryonic Infall}",
      journal = {\apj},
     keywords = {Baryons, Galactic Evolution, Galactic Rotation, Galactic Structure, Gravitational Collapse, Missing Mass (Astrophysics), Astronomical Models, Halos, Interstellar Matter, Many Body Problem, Mass Distribution, Spiral Galaxies, Astrophysics, GALAXIES: EVOLUTION, GALAXIES: INTERNAL MOTIONS, GALAXIES: STRUCTURE, INTERSTELLAR: MATTER},
         year = 1986,
        month = feb,
       volume = {301},
        pages = {27},
          doi = {10.1086/163867},
       adsurl = {https://ui.adsabs.harvard.edu/abs/1986ApJ...301...27B},
      adsnote = {Provided by the SAO/NASA Astrophysics Data System}
}

@ARTICLE{2015LauNagaietal,
       author = {{Lau}, Erwin T. and {Nagai}, Daisuke and {Avestruz}, Camille and {Nelson}, Kaylea and {Vikhlinin}, Alexey},
        title = "{Mass Accretion and its Effects on the Self-similarity of Gas Profiles in the Outskirts of Galaxy Clusters}",
      journal = {\apj},
     keywords = {cosmology: theory, galaxies: clusters: general, galaxies: clusters: intracluster medium, methods: numerical, Astrophysics - Cosmology and Nongalactic Astrophysics},
         year = 2015,
        month = jun,
       volume = {806},
       number = {1},
          eid = {68},
        pages = {68},
          doi = {10.1088/0004-637X/806/1/68},
archivePrefix = {arXiv},
       eprint = {1411.5361},
 primaryClass = {astro-ph.CO},
       adsurl = {https://ui.adsabs.harvard.edu/abs/2015ApJ...806...68L},
      adsnote = {Provided by the SAO/NASA Astrophysics Data System}
}


@ARTICLE{2024VelmaniParanjape,
       author = {{Velmani}, Premvijay and {Paranjape}, Aseem},
        title = "{A self-similar model of galaxy formation and dark halo relaxation}",
      journal = {\jcap},
     keywords = {galaxy dynamics, galaxy evolution, galaxy formation, semi-analytic modeling, Astrophysics - Astrophysics of Galaxies, Astrophysics - Cosmology and Nongalactic Astrophysics},
         year = 2024,
        month = may,
       volume = {2024},
       number = {5},
          eid = {080},
        pages = {080},
          doi = {10.1088/1475-7516/2024/05/080},
archivePrefix = {arXiv},
       eprint = {2311.13952},
 primaryClass = {astro-ph.GA},
       adsurl = {https://ui.adsabs.harvard.edu/abs/2024JCAP...05..080V},
      adsnote = {Provided by the SAO/NASA Astrophysics Data System}
}

@ARTICLE{2015RodriguezGeneletalSubLink,
       author = {{Rodriguez-Gomez}, Vicente and {Genel}, Shy and {Vogelsberger}, Mark and {Sijacki}, Debora and {Pillepich}, Annalisa and {Sales}, Laura V. and {Torrey}, Paul and {Snyder}, Greg and {Nelson}, Dylan and {Springel}, Volker and {Ma}, Chung-Pei and {Hernquist}, Lars},
        title = "{The merger rate of galaxies in the Illustris simulation: a comparison with observations and semi-empirical models}",
      journal = {\mnras},
     keywords = {methods: numerical, galaxies: interactions, cosmology: theory, Astrophysics - Astrophysics of Galaxies, Astrophysics - Cosmology and Nongalactic Astrophysics},
         year = 2015,
        month = may,
       volume = {449},
       number = {1},
        pages = {49-64},
          doi = {10.1093/mnras/stv264},
archivePrefix = {arXiv},
       eprint = {1502.01339},
 primaryClass = {astro-ph.GA},
       adsurl = {https://ui.adsabs.harvard.edu/abs/2015MNRAS.449...49R},
      adsnote = {Provided by the SAO/NASA Astrophysics Data System}
}


@ARTICLE{2011DaveFinlatorOppenheimer,
       author = {{Dav{\'e}}, Romeel and {Finlator}, Kristian and {Oppenheimer}, Benjamin D.},
        title = "{Galaxy evolution in cosmological simulations with outflows - II. Metallicities and gas fractions}",
      journal = {\mnras},
     keywords = {methods: numerical, galaxies: abundances, galaxies: evolution, galaxies: formation, galaxies: high-redshift, galaxies: statistics, Astrophysics - Cosmology and Nongalactic Astrophysics},
         year = 2011,
        month = sep,
       volume = {416},
       number = {2},
        pages = {1354-1376},
          doi = {10.1111/j.1365-2966.2011.19132.x},
archivePrefix = {arXiv},
       eprint = {1104.3156},
 primaryClass = {astro-ph.CO},
       adsurl = {https://ui.adsabs.harvard.edu/abs/2011MNRAS.416.1354D},
      adsnote = {Provided by the SAO/NASA Astrophysics Data System}
}


@ARTICLE{2018TorreyVogelsberger_etal_SFRZ,
       author = {{Torrey}, Paul and {Vogelsberger}, Mark and {Hernquist}, Lars and {McKinnon}, Ryan and {Marinacci}, Federico and {Simcoe}, Robert A. and {Springel}, Volker and {Pillepich}, Annalisa and {Naiman}, Jill and {Pakmor}, R{\"u}diger and {Weinberger}, Rainer and {Nelson}, Dylan and {Genel}, Shy},
        title = "{Similar star formation rate and metallicity variability time-scales drive the fundamental metallicity relation}",
      journal = {\mnras},
     keywords = {galaxies: evolution, galaxies: general, Astrophysics - Astrophysics of Galaxies},
         year = 2018,
        month = jun,
       volume = {477},
       number = {1},
        pages = {L16-L20},
          doi = {10.1093/mnrasl/sly031},
archivePrefix = {arXiv},
       eprint = {1711.11039},
 primaryClass = {astro-ph.GA},
       adsurl = {https://ui.adsabs.harvard.edu/abs/2018MNRAS.477L..16T},
      adsnote = {Provided by the SAO/NASA Astrophysics Data System}
}

@ARTICLE{CAMELS_presentation,
author = {{Villaescusa-Navarro}, Francisco and {Angl{\'e}s-Alc{\'a}zar}, Daniel and {Genel}, Shy and {Spergel}, David N. and {Somerville}, Rachel S. and {Dave}, Romeel and {Pillepich}, Annalisa and {Hernquist}, Lars and {Nelson}, Dylan and {Torrey}, Paul and {Narayanan}, Desika and {Li}, Yin and {Philcox}, Oliver and {La Torre}, Valentina and {Maria Delgado}, Ana and {Ho}, Shirley and {Hassan}, Sultan and {Burkhart}, Blakesley and {Wadekar}, Digvijay and {Battaglia}, Nicholas and {Contardo}, Gabriella and {Bryan}, Greg L.},
title = "{The CAMELS Project: Cosmology and Astrophysics with Machine-learning Simulations}",
journal = {\apj},
keywords = {Cosmology, Cosmological parameters from large-scale structure, Galaxy formation, Astrostatistics, 343, 340, 595, 1882, Astrophysics - Cosmology and Nongalactic Astrophysics, Astrophysics - Astrophysics of Galaxies, Astrophysics - Instrumentation and Methods for Astrophysics},
year = 2021,
month = jul,
volume = {915},
number = {1},
eid = {71},
pages = {71},
doi = {10.3847/1538-4357/abf7ba},
archivePrefix = {arXiv},
eprint = {2010.00619},
primaryClass = {astro-ph.CO},
adsurl = {https://ui.adsabs.harvard.edu/abs/2021ApJ...915...71V},
adsnote = {Provided by the SAO/NASA Astrophysics Data System}
}

@ARTICLE{CAMELS_DR1,
author = {{Villaescusa-Navarro}, Francisco and {Genel}, Shy and {Angl{\'e}s-Alc{\'a}zar}, Daniel and {Perez}, Lucia A. and {Villanueva-Domingo}, Pablo and {Wadekar}, Digvijay and {Shao}, Helen and {Mohammad}, Faizan G. and {Hassan}, Sultan and {Moser}, Emily and {Lau}, Erwin T. and {Machado Poletti Valle}, Luis Fernando and {Nicola}, Andrina and {Thiele}, Leander and {Jo}, Yongseok and {Philcox}, Oliver H.~E. and {Oppenheimer}, Benjamin D. and {Tillman}, Megan and {Hahn}, ChangHoon and {Kaushal}, Neerav and {Pisani}, Alice and {Gebhardt}, Matthew and {Delgado}, Ana Maria and {Caliendo}, Joyce and {Kreisch}, Christina and {Wong}, Kaze W.~K. and {Coulton}, William R. and {Eickenberg}, Michael and {Parimbelli}, Gabriele and {Ni}, Yueying and {Steinwandel}, Ulrich P. and {La Torre}, Valentina and {Dave}, Romeel and {Battaglia}, Nicholas and {Nagai}, Daisuke and {Spergel}, David N. and {Hernquist}, Lars and {Burkhart}, Blakesley and {Narayanan}, Desika and {Wandelt}, Benjamin and {Somerville}, Rachel S. and {Bryan}, Greg L. and {Viel}, Matteo and {Li}, Yin and {Irsic}, Vid and {Kraljic}, Katarina and {Marinacci}, Federico and {Vogelsberger}, Mark},
title = "{The CAMELS Project: Public Data Release}",
journal = {\apjs},
keywords = {Cosmology, Hydrodynamical simulations, Astrostatistics, Galaxy formation, Astrophysics - Cosmology and Nongalactic Astrophysics, Astrophysics - Astrophysics of Galaxies, Astrophysics - Instrumentation and Methods for Astrophysics, Computer Science - Artificial Intelligence, Computer Science - Machine Learning},
year = 2023,
month = apr,
volume = {265},
number = {2},
eid = {54},
pages = {54},
doi = {10.3847/1538-4365/acbf47},
archivePrefix = {arXiv},
eprint = {2201.01300},
primaryClass = {astro-ph.CO},
adsurl = {https://ui.adsabs.harvard.edu/abs/2023ApJS..265...54V},
adsnote = {Provided by the SAO/NASA Astrophysics Data System}
}

@ARTICLE{CAMELS_DR2,
author = {{Ni}, Yueying and {Genel}, Shy and {Angl{\'e}s-Alc{\'a}zar}, Daniel and {Villaescusa-Navarro}, Francisco and {Jo}, Yongseok and {Bird}, Simeon and {Di Matteo}, Tiziana and {Croft}, Rupert and {Chen}, Nianyi and {de Santi}, Natal{\'\i} S.~M. and {Gebhardt}, Matthew and {Shao}, Helen and {Pandey}, Shivam and {Hernquist}, Lars and {Dave}, Romeel},
title = "{The CAMELS Project: Expanding the Galaxy Formation Model Space with New ASTRID and 28-parameter TNG and SIMBA Suites}",
journal = {\apj},
keywords = {Large-scale structure of the universe, Hydrodynamical simulations, 902, 767, Astrophysics - Cosmology and Nongalactic Astrophysics, Astrophysics - Astrophysics of Galaxies, Computer Science - Machine Learning},
year = 2023,
month = dec,
volume = {959},
number = {2},
eid = {136},
pages = {136},
doi = {10.3847/1538-4357/ad022a},
archivePrefix = {arXiv},
eprint = {2304.02096},
primaryClass = {astro-ph.CO},
adsurl = {https://ui.adsabs.harvard.edu/abs/2023ApJ...959..136N},
adsnote = {Provided by the SAO/NASA Astrophysics Data System}
}
















