@ARTICLE{2006Dekel&Birnboim,
       author = {{Dekel}, Avishai and {Birnboim}, Yuval},
        title = "{Galaxy bimodality due to cold flows and shock heating}",
      journal = {\mnras},
     keywords = {shock waves, cooling flows, galaxies: evolution, galaxies: formation, galaxies: haloes, dark matter, Astrophysics},
         year = 2006,
        month = may,
       volume = {368},
       number = {1},
        pages = {2-20},
          doi = {10.1111/j.1365-2966.2006.10145.x},
archivePrefix = {arXiv},
       eprint = {astro-ph/0412300},
 primaryClass = {astro-ph},
       adsurl = {https://ui.adsabs.harvard.edu/abs/2006MNRAS.368....2D},
      adsnote = {Provided by the SAO/NASA Astrophysics Data System}
}

@ARTICLE{1984FillmoreGoldreich,
       author = {{Fillmore}, J.~A. and {Goldreich}, P.},
        title = "{Self-similar gravitational collapse in an expanding universe}",
      journal = {\apj},
     keywords = {Cosmology, Gravitational Collapse, Similarity Theorem, Universe, Asymptotic Properties, Numerical Integration, Particle Trajectories, Relativity, Symmetry, Astrophysics},
         year = 1984,
        month = jun,
       volume = {281},
        pages = {1-8},
          doi = {10.1086/162070},
       adsurl = {https://ui.adsabs.harvard.edu/abs/1984ApJ...281....1F},
      adsnote = {Provided by the SAO/NASA Astrophysics Data System}
}



@ARTICLE{1985Bertschinger,
       author = {{Bertschinger}, E.},
        title = "{Self-similar secondary infall and accretion in an Einstein-de Sitter universe}",
      journal = {\apjs},
     keywords = {Accretion Disks, Black Holes (Astronomy), Cosmology, Galactic Clusters, Galactic Evolution, Hydrodynamics, Relativity, Collisional Plasmas, Collisionless Plasmas, Density Distribution, Galactic Structure, Gravitational Collapse, Perturbation Theory, Shock Wave Propagation, Similarity Theorem, Astrophysics},
         year = 1985,
        month = may,
       volume = {58},
        pages = {39-65},
          doi = {10.1086/191028},
       adsurl = {https://ui.adsabs.harvard.edu/abs/1985ApJS...58...39B},
      adsnote = {Provided by the SAO/NASA Astrophysics Data System}
}


@ARTICLE{1989Bertschinger,
       author = {{Bertschinger}, Edmund},
        title = "{The Evolution of Cooling Flows: Self-similar Cooling Waves}",
      journal = {\apj},
     keywords = {Computational Astrophysics, Cooling Flows (Astrophysics), Elliptical Galaxies, Evolution (Development), Cosmic X Rays, Density Distribution, Virgo Galactic Cluster, Astrophysics, GALAXIES: INDIVIDUAL MESSIER NUMBER: M87, GALAXIES: CLUSTERING, GALAXIES: INTERGALACTIC MEDIUM, GALAXIES: X-RAYS, HYDRODYNAMICS},
         year = 1989,
        month = may,
       volume = {340},
        pages = {666},
          doi = {10.1086/167428},
       adsurl = {https://ui.adsabs.harvard.edu/abs/1989ApJ...340..666B},
      adsnote = {Provided by the SAO/NASA Astrophysics Data System}
}

@ARTICLE{2016ShiDMLamCDM,
       author = {{Shi}, Xun},
        title = "{The outer profile of dark matter haloes: an analytical approach}",
      journal = {\mnras},
     keywords = {methods: analytical, galaxies: clusters: general, cosmology: theory, dark matter, Astrophysics - Cosmology and Nongalactic Astrophysics},
         year = 2016,
        month = jul,
       volume = {459},
       number = {4},
        pages = {3711-3720},
          doi = {10.1093/mnras/stw925},
archivePrefix = {arXiv},
       eprint = {1603.01742},
 primaryClass = {astro-ph.CO},
       adsurl = {https://ui.adsabs.harvard.edu/abs/2016MNRAS.459.3711S},
      adsnote = {Provided by the SAO/NASA Astrophysics Data System}
}

@ARTICLE{2016ShiICM,
       author = {{Shi}, Xun},
        title = "{Locations of accretion shocks around galaxy clusters and the ICM properties: insights from self-similar spherical collapse with arbitrary mass accretion rates}",
      journal = {\mnras},
     keywords = {methods: analytical, galaxies: clusters: general, galaxies: clusters: intracluster medium, cosmology: theory, Astrophysics - Cosmology and Nongalactic Astrophysics},
         year = 2016,
        month = sep,
       volume = {461},
       number = {2},
        pages = {1804-1815},
          doi = {10.1093/mnras/stw1418},
archivePrefix = {arXiv},
       eprint = {1603.07183},
 primaryClass = {astro-ph.CO},
       adsurl = {https://ui.adsabs.harvard.edu/abs/2016MNRAS.461.1804S},
      adsnote = {Provided by the SAO/NASA Astrophysics Data System}
}

@ARTICLE{2023Velmani&Paranjape,
       author = {{Velmani}, Premvijay and {Paranjape}, Aseem},
        title = "{The quasi-adiabatic relaxation of haloes in the IllustrisTNG and EAGLE cosmological simulations}",
      journal = {\mnras},
     keywords = {methods: numerical, galaxies: formation, cosmology: theory, dark matter, Astrophysics - Astrophysics of Galaxies, Astrophysics - Cosmology and Nongalactic Astrophysics},
         year = 2023,
        month = apr,
       volume = {520},
       number = {2},
        pages = {2867-2886},
          doi = {10.1093/mnras/stad297},
archivePrefix = {arXiv},
       eprint = {2206.07733},
 primaryClass = {astro-ph.GA},
       adsurl = {https://ui.adsabs.harvard.edu/abs/2023MNRAS.520.2867V},
      adsnote = {Provided by the SAO/NASA Astrophysics Data System}
}

@ARTICLE{1986Blumenthal,
       author = {{Blumenthal}, G.~R. and {Faber}, S.~M. and {Flores}, R. and {Primack}, J.~R.},
        title = "{Contraction of Dark Matter Galactic Halos Due to Baryonic Infall}",
      journal = {\apj},
     keywords = {Baryons, Galactic Evolution, Galactic Rotation, Galactic Structure, Gravitational Collapse, Missing Mass (Astrophysics), Astronomical Models, Halos, Interstellar Matter, Many Body Problem, Mass Distribution, Spiral Galaxies, Astrophysics, GALAXIES: EVOLUTION, GALAXIES: INTERNAL MOTIONS, GALAXIES: STRUCTURE, INTERSTELLAR: MATTER},
         year = 1986,
        month = feb,
       volume = {301},
        pages = {27},
          doi = {10.1086/163867},
       adsurl = {https://ui.adsabs.harvard.edu/abs/1986ApJ...301...27B},
      adsnote = {Provided by the SAO/NASA Astrophysics Data System}
}

@ARTICLE{2015LauNagaietal,
       author = {{Lau}, Erwin T. and {Nagai}, Daisuke and {Avestruz}, Camille and {Nelson}, Kaylea and {Vikhlinin}, Alexey},
        title = "{Mass Accretion and its Effects on the Self-similarity of Gas Profiles in the Outskirts of Galaxy Clusters}",
      journal = {\apj},
     keywords = {cosmology: theory, galaxies: clusters: general, galaxies: clusters: intracluster medium, methods: numerical, Astrophysics - Cosmology and Nongalactic Astrophysics},
         year = 2015,
        month = jun,
       volume = {806},
       number = {1},
          eid = {68},
        pages = {68},
          doi = {10.1088/0004-637X/806/1/68},
archivePrefix = {arXiv},
       eprint = {1411.5361},
 primaryClass = {astro-ph.CO},
       adsurl = {https://ui.adsabs.harvard.edu/abs/2015ApJ...806...68L},
      adsnote = {Provided by the SAO/NASA Astrophysics Data System}
}

@ARTICLE{2018WechslerTinker,
       author = {{Wechsler}, Risa H. and {Tinker}, Jeremy L.},
        title = "{The Connection Between Galaxies and Their Dark Matter Halos}",
      journal = {\araa},
     keywords = {Astrophysics - Astrophysics of Galaxies, Astrophysics - Cosmology and Nongalactic Astrophysics},
         year = 2018,
        month = sep,
       volume = {56},
        pages = {435-487},
          doi = {10.1146/annurev-astro-081817-051756},
archivePrefix = {arXiv},
       eprint = {1804.03097},
 primaryClass = {astro-ph.GA},
       adsurl = {https://ui.adsabs.harvard.edu/abs/2018ARA&A..56..435W},
      adsnote = {Provided by the SAO/NASA Astrophysics Data System}
}


@ARTICLE{2015SomervilleDave,
       author = {{Somerville}, Rachel S. and {Dav{\'e}}, Romeel},
        title = "{Physical Models of Galaxy Formation in a Cosmological Framework}",
      journal = {\araa},
     keywords = {Astrophysics - Astrophysics of Galaxies},
         year = 2015,
        month = aug,
       volume = {53},
        pages = {51-113},
          doi = {10.1146/annurev-astro-082812-140951},
archivePrefix = {arXiv},
       eprint = {1412.2712},
 primaryClass = {astro-ph.GA},
       adsurl = {https://ui.adsabs.harvard.edu/abs/2015ARA&A..53...51S},
      adsnote = {Provided by the SAO/NASA Astrophysics Data System}
}




@ARTICLE{2011TeyssierMMDM,
       author = {{Teyssier}, Romain and {Moore}, Ben and {Martizzi}, Davide and {Dubois}, Yohan and {Mayer}, Lucio},
        title = "{Mass distribution in galaxy clusters: the role of Active Galactic Nuclei feedback}",
      journal = {\mnras},
     keywords = {black hole physics, methods: numerical, galaxies: clusters: general, galaxies: formation, cosmology: theory, large-scale structure of Universe, Astrophysics - Cosmology and Nongalactic Astrophysics},
         year = 2011,
        month = jun,
       volume = {414},
       number = {1},
        pages = {195-208},
          doi = {10.1111/j.1365-2966.2011.18399.x},
archivePrefix = {arXiv},
       eprint = {1003.4744},
 primaryClass = {astro-ph.CO},
       adsurl = {https://ui.adsabs.harvard.edu/abs/2011MNRAS.414..195T},
      adsnote = {Provided by the SAO/NASA Astrophysics Data System}
}

@ARTICLE{2015SchneiderTeyssier,
       author = {{Schneider}, Aurel and {Teyssier}, Romain},
        title = "{A new method to quantify the effects of baryons on the matter power spectrum}",
      journal = {\jcap},
     keywords = {Astrophysics - Cosmology and Nongalactic Astrophysics},
         year = 2015,
        month = dec,
       volume = {2015},
       number = {12},
          eid = {049},
        pages = {049},
          doi = {10.1088/1475-7516/2015/12/049},
archivePrefix = {arXiv},
       eprint = {1510.06034},
 primaryClass = {astro-ph.CO},
       adsurl = {https://ui.adsabs.harvard.edu/abs/2015JCAP...12..049S},
      adsnote = {Provided by the SAO/NASA Astrophysics Data System}
}

@ARTICLE{2023EuclidCastro_etal,
       author = {{Euclid Collaboration} and {Castro}, T. and {Borgani}, S. and {Costanzi}, M. and {Dakin}, J. and {Dolag}, K. and {Fumagalli}, A. and {Ragagnin}, A. and {Saro}, A. and {Le Brun}, A.~M.~C. and {Aghanim}, N. and {Amara}, A. and {Andreon}, S. and {Auricchio}, N. and {Baldi}, M. and {Bardelli}, S. and {Bodendorf}, C. and {Bonino}, D. and {Branchini}, E. and {Brescia}, M. and {Brinchmann}, J. and {Camera}, S. and {Capobianco}, V. and {Carbone}, C. and {Carretero}, J. and {Casas}, S. and {Castellano}, M. and {Cavuoti}, S. and {Cimatti}, A. and {Congedo}, G. and {Conselice}, C.~J. and {Conversi}, L. and {Copin}, Y. and {Corcione}, L. and {Courbin}, F. and {Courtois}, H.~M. and {Cropper}, M. and {Da Silva}, A. and {Degaudenzi}, H. and {Di Giorgio}, A.~M. and {Dinis}, J. and {Dubath}, F. and {Duncan}, C.~A.~J. and {Dupac}, X. and {Farina}, M. and {Farrens}, S. and {Ferriol}, S. and {Frailis}, M. and {Franceschi}, E. and {Fumana}, M. and {Galeotta}, S. and {Gillis}, B. and {Giocoli}, C. and {Grazian}, A. and {Grupp}, F. and {Haugan}, S.~V.~H. and {Holmes}, W. and {Hormuth}, F. and {Hornstrup}, A. and {Jahnke}, K. and {Keih{\"a}nen}, E. and {Kermiche}, S. and {Kiessling}, A. and {Kilbinger}, M. and {Kubik}, B. and {Kunz}, M. and {Kurki-Suonio}, H. and {Ligori}, S. and {Lilje}, P.~B. and {Lindholm}, V. and {Lloro}, I. and {Maiorano}, E. and {Mansutti}, O. and {Marggraf}, O. and {Markovic}, K. and {Martinet}, N. and {Marulli}, F. and {Massey}, R. and {Maurogordato}, S. and {Medinaceli}, E. and {Meneghetti}, M. and {Merlin}, E. and {Meylan}, G. and {Moresco}, M. and {Moscardini}, L. and {Munari}, E. and {Niemi}, S. -M. and {Padilla}, C. and {Paltani}, S. and {Pasian}, F. and {Pettorino}, V. and {Pires}, S. and {Polenta}, G. and {Poncet}, M. and {Popa}, L.~A. and {Pozzetti}, L. and {Raison}, F. and {Rebolo}, R. and {Renzi}, A. and {Rhodes}, J. and {Riccio}, G. and {Romelli}, E. and {Roncarelli}, M. and {Saglia}, R. and {Sapone}, D. and {Sartoris}, B. and {Schneider}, P. and {Schrabback}, T. and {Secroun}, A. and {Seidel}, G. and {Serrano}, S. and {Sirignano}, C. and {Sirri}, G. and {Stanco}, L. and {Starck}, J. -L. and {Tallada-Cresp{\'\i}}, P. and {Taylor}, A.~N. and {Tereno}, I. and {Toledo-Moreo}, R. and {Torradeflot}, F. and {Tutusaus}, I. and {Valentijn}, E.~A. and {Valenziano}, L. and {Vassallo}, T. and {Veropalumbo}, A. and {Wang}, Y. and {Weller}, J. and {Zacchei}, A. and {Zamorani}, G. and {Zoubian}, J. and {Zucca}, E. and {Biviano}, A. and {Bozzo}, E. and {Cerna}, C. and {Colodro-Conde}, C. and {Di Ferdinando}, D. and {Mauri}, N. and {Neissner}, C. and {Sakr}, Z. and {Scottez}, V. and {Tenti}, M. and {Viel}, M. and {Wiesmann}, M. and {Akrami}, Y. and {Anselmi}, S. and {Baccigalupi}, C. and {Ballardini}, M. and {Borlaff}, A.~S. and {Bruton}, S. and {Burigana}, C. and {Cabanac}, R. and {Cappi}, A. and {Carvalho}, C.~S. and {Castignani}, G. and {Ca\textbackslash \{n\}as-Herrera}, G. and {Chambers}, K.~C. and {Cooray}, A.~R. and {Coupon}, J. and {Cucciati}, O. and {D{\'\i}az-S{\'a}nchez}, A. and {Davini}, S. and {de la Torre}, S. and {De Lucia}, G. and {Desprez}, G. and {Di Domizio}, S. and {Dole}, H. and {Escoffier}, S. and {Ferrero}, I. and {Finelli}, F. and {Gabarra}, L. and {Ganga}, K. and {Garcia-Bellido}, J. and {Giacomini}, F. and {Gozaliasl}, G. and {Hildebrandt}, H. and {Ili{\'c}}, S. and {Jimanez Mun\textbackslash \{n\}oz}, A. and {Kajava}, J.~J.~E. and {Kansal}, V. and {Kirkpatrick}, C.~C. and {Legrand}, L. and {Loureiro}, A. and {Macias-Perez}, J. and {Magliocchetti}, M. and {Mainetti}, G. and {Maoli}, R. and {Martinelli}, M. and {Martins}, C.~J.~A.~P. and {Matthew}, S. and {Maturi}, M. and {Maurin}, L. and {Metcalf}, R.~B. and {Migliaccio}, M. and {Monaco}, P. and {Morgante}, G. and {Nadathur}, S. and {Patrizii}, L. and {Pezzotta}, A. and {Popa}, V. and {Porciani}, C. and {Potter}, D. and {P{\"o}ntinen}, M. and {Reimberg}, P. and {Rocci}, P. -F. and {S{\'a}nchez}, A.~G. and {Schaye}, J. and {Schneider}, A. and {Sefusatti}, E. and {Sereno}, M. and {Simon}, P. and {Spurio Mancini}, A. and {Stadel}, J. and {Stanford}, S.~A. and {Steinwagner}, J. and {Testera}, G. and {Tewes}, M. and {Teyssier}, R. and {Toft}, S. and {Tosi}, S. and {Troja}, A. and {Tucci}, M. and {Valiviita}, J. and {Vergani}, D.},
        title = "{Euclid preparation TBD. The effect of baryons on the Halo Mass Function}",
      journal = {arXiv e-prints},
     keywords = {Astrophysics - Cosmology and Nongalactic Astrophysics},
         year = 2023,
        month = oct,
          eid = {arXiv:2311.01465},
        pages = {arXiv:2311.01465},
          doi = {10.48550/arXiv.2311.01465},
archivePrefix = {arXiv},
       eprint = {2311.01465},
 primaryClass = {astro-ph.CO},
       adsurl = {https://ui.adsabs.harvard.edu/abs/2023arXiv231101465E},
      adsnote = {Provided by the SAO/NASA Astrophysics Data System}
}



@ARTICLE{2018TNG_Pillepich_etal,
       author = {{Pillepich}, Annalisa and {Springel}, Volker and {Nelson}, Dylan and {Genel}, Shy and {Naiman}, Jill and {Pakmor}, R{\"u}diger and {Hernquist}, Lars and {Torrey}, Paul and {Vogelsberger}, Mark and {Weinberger}, Rainer and {Marinacci}, Federico},
        title = "{Simulating galaxy formation with the IllustrisTNG model}",
      journal = {\mnras},
     keywords = {methods: numerical, galaxies: evolution, galaxies: formation, Astrophysics - Astrophysics of Galaxies, Astrophysics - Cosmology and Nongalactic Astrophysics},
         year = 2018,
        month = jan,
       volume = {473},
       number = {3},
        pages = {4077-4106},
          doi = {10.1093/mnras/stx2656},
archivePrefix = {arXiv},
       eprint = {1703.02970},
 primaryClass = {astro-ph.GA},
       adsurl = {https://ui.adsabs.harvard.edu/abs/2018MNRAS.473.4077P},
      adsnote = {Provided by the SAO/NASA Astrophysics Data System}
}

@ARTICLE{2010Abadi_NFBS,
       author = {{Abadi}, Mario G. and {Navarro}, Julio F. and {Fardal}, Mark and {Babul}, Arif and {Steinmetz}, Matthias},
        title = "{Galaxy-induced transformation of dark matter haloes}",
      journal = {\mnras},
     keywords = {Galaxy: disc, Galaxy: formation, Galaxy: kinematics and dynamics, Galaxy: structure, Astrophysics - Astrophysics of Galaxies},
         year = 2010,
        month = sep,
       volume = {407},
       number = {1},
        pages = {435-446},
          doi = {10.1111/j.1365-2966.2010.16912.x},
archivePrefix = {arXiv},
       eprint = {0902.2477},
 primaryClass = {astro-ph.GA},
       adsurl = {https://ui.adsabs.harvard.edu/abs/2010MNRAS.407..435A},
      adsnote = {Provided by the SAO/NASA Astrophysics Data System}
}

@ARTICLE{2021ParanjapeTirthSheth,
       author = {{Paranjape}, Aseem and {Choudhury}, Tirthankar Roy and {Sheth}, Ravi K.},
        title = "{Multiwavelength mock galaxy catalogues of the low-redshift Universe}",
      journal = {\mnras},
     keywords = {galaxies: formation, cosmology: theory, dark matter, large-scale structure of Universe, methods: numerical, Astrophysics - Astrophysics of Galaxies, Astrophysics - Cosmology and Nongalactic Astrophysics},
         year = 2021,
        month = may,
       volume = {503},
       number = {3},
        pages = {4147-4162},
          doi = {10.1093/mnras/stab722},
archivePrefix = {arXiv},
       eprint = {2101.02717},
 primaryClass = {astro-ph.GA},
       adsurl = {https://ui.adsabs.harvard.edu/abs/2021MNRAS.503.4147P},
      adsnote = {Provided by the SAO/NASA Astrophysics Data System}
}

@ARTICLE{2010Schaye_OWLS,
       author = {{Schaye}, Joop and {Dalla Vecchia}, Claudio and {Booth}, C.~M. and {Wiersma}, Robert P.~C. and {Theuns}, Tom and {Haas}, Marcel R. and {Bertone}, Serena and {Duffy}, Alan R. and {McCarthy}, I.~G. and {van de Voort}, Freeke},
        title = "{The physics driving the cosmic star formation history}",
      journal = {\mnras},
     keywords = {stars: formation, galaxies: evolution, galaxies: formation, cosmology: theory, Astrophysics - Cosmology and Extragalactic Astrophysics, Astrophysics - Galaxy Astrophysics},
         year = 2010,
        month = mar,
       volume = {402},
       number = {3},
        pages = {1536-1560},
          doi = {10.1111/j.1365-2966.2009.16029.x},
archivePrefix = {arXiv},
       eprint = {0909.5196},
 primaryClass = {astro-ph.CO},
       adsurl = {https://ui.adsabs.harvard.edu/abs/2010MNRAS.402.1536S},
      adsnote = {Provided by the SAO/NASA Astrophysics Data System}
}

@ARTICLE{2014Genel_Illustris,
       author = {{Genel}, Shy and {Vogelsberger}, Mark and {Springel}, Volker and {Sijacki}, Debora and {Nelson}, Dylan and {Snyder}, Greg and {Rodriguez-Gomez}, Vicente and {Torrey}, Paul and {Hernquist}, Lars},
        title = "{Introducing the Illustris project: the evolution of galaxy populations across cosmic time}",
      journal = {\mnras},
     keywords = {hydrodynamics, methods: numerical, galaxies: evolution, galaxies: formation, galaxies: high-redshift, cosmology: theory, Astrophysics - Cosmology and Nongalactic Astrophysics, Astrophysics - Astrophysics of Galaxies},
         year = 2014,
        month = nov,
       volume = {445},
       number = {1},
        pages = {175-200},
          doi = {10.1093/mnras/stu1654},
archivePrefix = {arXiv},
       eprint = {1405.3749},
 primaryClass = {astro-ph.CO},
       adsurl = {https://ui.adsabs.harvard.edu/abs/2014MNRAS.445..175G},
      adsnote = {Provided by the SAO/NASA Astrophysics Data System}
}

@ARTICLE{2014Hopkins_FIRE,
       author = {{Hopkins}, Philip F. and {Kere{\v{s}}}, Du{\v{s}}an and {O{\~n}orbe}, Jos{\'e} and {Faucher-Gigu{\`e}re}, Claude-Andr{\'e} and {Quataert}, Eliot and {Murray}, Norman and {Bullock}, James S.},
        title = "{Galaxies on FIRE (Feedback In Realistic Environments): stellar feedback explains cosmologically inefficient star formation}",
      journal = {\mnras},
     keywords = {stars: formation, galaxies: active, galaxies: evolution, galaxies: formation, cosmology: theory, Astrophysics - Cosmology and Nongalactic Astrophysics, Astrophysics - Astrophysics of Galaxies},
         year = 2014,
        month = nov,
       volume = {445},
       number = {1},
        pages = {581-603},
          doi = {10.1093/mnras/stu1738},
archivePrefix = {arXiv},
       eprint = {1311.2073},
 primaryClass = {astro-ph.CO},
       adsurl = {https://ui.adsabs.harvard.edu/abs/2014MNRAS.445..581H},
      adsnote = {Provided by the SAO/NASA Astrophysics Data System}
}

@ARTICLE{2015Mead_PHJH,
       author = {{Mead}, A.~J. and {Peacock}, J.~A. and {Heymans}, C. and {Joudaki}, S. and {Heavens}, A.~F.},
        title = "{An accurate halo model for fitting non-linear cosmological power spectra and baryonic feedback models}",
      journal = {\mnras},
     keywords = {gravitational lensing: weak, cosmology: theory, dark energy, large-scale structure of Universe, Astrophysics - Cosmology and Nongalactic Astrophysics},
         year = 2015,
        month = dec,
       volume = {454},
       number = {2},
        pages = {1958-1975},
          doi = {10.1093/mnras/stv2036},
archivePrefix = {arXiv},
       eprint = {1505.07833},
 primaryClass = {astro-ph.CO},
       adsurl = {https://ui.adsabs.harvard.edu/abs/2015MNRAS.454.1958M},
      adsnote = {Provided by the SAO/NASA Astrophysics Data System}
}

@ARTICLE{2017Kaviraj_HorizonAGN,
       author = {{Kaviraj}, S. and {Laigle}, C. and {Kimm}, T. and {Devriendt}, J.~E.~G. and {Dubois}, Y. and {Pichon}, C. and {Slyz}, A. and {Chisari}, E. and {Peirani}, S.},
        title = "{The Horizon-AGN simulation: evolution of galaxy properties over cosmic time}",
      journal = {\mnras},
     keywords = {methods: numerical, galaxies: evolution, galaxies: formation, galaxies: high-redshift, cosmology: theory, large-scale structure of Universe, Astrophysics - Astrophysics of Galaxies},
         year = 2017,
        month = jun,
       volume = {467},
       number = {4},
        pages = {4739-4752},
          doi = {10.1093/mnras/stx126},
archivePrefix = {arXiv},
       eprint = {1605.09379},
 primaryClass = {astro-ph.GA},
       adsurl = {https://ui.adsabs.harvard.edu/abs/2017MNRAS.467.4739K},
      adsnote = {Provided by the SAO/NASA Astrophysics Data System}
}

@ARTICLE{2019Dave_SIMBA,
       author = {{Dav{\'e}}, Romeel and {Angl{\'e}s-Alc{\'a}zar}, Daniel and {Narayanan}, Desika and {Li}, Qi and {Rafieferantsoa}, Mika H. and {Appleby}, Sarah},
        title = "{SIMBA: Cosmological simulations with black hole growth and feedback}",
      journal = {\mnras},
     keywords = {galaxies: evolution, galaxies: formation, Astrophysics - Astrophysics of Galaxies, Astrophysics - Cosmology and Nongalactic Astrophysics},
         year = 2019,
        month = jun,
       volume = {486},
       number = {2},
        pages = {2827-2849},
          doi = {10.1093/mnras/stz937},
archivePrefix = {arXiv},
       eprint = {1901.10203},
 primaryClass = {astro-ph.GA},
       adsurl = {https://ui.adsabs.harvard.edu/abs/2019MNRAS.486.2827D},
      adsnote = {Provided by the SAO/NASA Astrophysics Data System}
}

@ARTICLE{2015Schaye_EAGLE,
       author = {{Schaye}, Joop and {Crain}, Robert A. and {Bower}, Richard G. and {Furlong}, Michelle and {Schaller}, Matthieu and {Theuns}, Tom and {Dalla Vecchia}, Claudio and {Frenk}, Carlos S. and {McCarthy}, I.~G. and {Helly}, John C. and {Jenkins}, Adrian and {Rosas-Guevara}, Y.~M. and {White}, Simon D.~M. and {Baes}, Maarten and {Booth}, C.~M. and {Camps}, Peter and {Navarro}, Julio F. and {Qu}, Yan and {Rahmati}, Alireza and {Sawala}, Till and {Thomas}, Peter A. and {Trayford}, James},
        title = "{The EAGLE project: simulating the evolution and assembly of galaxies and their environments}",
      journal = {\mnras},
     keywords = {methods: numerical, galaxies: evolution, galaxies: formation, cosmology: theory, Astrophysics - Astrophysics of Galaxies, Astrophysics - Cosmology and Nongalactic Astrophysics},
         year = 2015,
        month = jan,
       volume = {446},
       number = {1},
        pages = {521-554},
          doi = {10.1093/mnras/stu2058},
archivePrefix = {arXiv},
       eprint = {1407.7040},
 primaryClass = {astro-ph.GA},
       adsurl = {https://ui.adsabs.harvard.edu/abs/2015MNRAS.446..521S},
      adsnote = {Provided by the SAO/NASA Astrophysics Data System}
}

@ARTICLE{2021camels_presentation,
author = {{Villaescusa-Navarro}, Francisco and {Angl{\'e}s-Alc{\'a}zar}, Daniel and {Genel}, Shy and {Spergel}, David N. and {Somerville}, Rachel S. and {Dave}, Romeel and {Pillepich}, Annalisa and {Hernquist}, Lars and {Nelson}, Dylan and {Torrey}, Paul and {Narayanan}, Desika and {Li}, Yin and {Philcox}, Oliver and {La Torre}, Valentina and {Maria Delgado}, Ana and {Ho}, Shirley and {Hassan}, Sultan and {Burkhart}, Blakesley and {Wadekar}, Digvijay and {Battaglia}, Nicholas and {Contardo}, Gabriella and {Bryan}, Greg L.},
title = "{The CAMELS Project: Cosmology and Astrophysics with Machine-learning Simulations}",
journal = {\apj},
keywords = {Cosmology, Cosmological parameters from large-scale structure, Galaxy formation, Astrostatistics, 343, 340, 595, 1882, Astrophysics - Cosmology and Nongalactic Astrophysics, Astrophysics - Astrophysics of Galaxies, Astrophysics - Instrumentation and Methods for Astrophysics},
year = 2021,
month = jul,
volume = {915},
number = {1},
eid = {71},
pages = {71},
doi = {10.3847/1538-4357/abf7ba},
archivePrefix = {arXiv},
eprint = {2010.00619},
primaryClass = {astro-ph.CO},
adsurl = {https://ui.adsabs.harvard.edu/abs/2021ApJ...915...71V},
adsnote = {Provided by the SAO/NASA Astrophysics Data System}
}

@ARTICLE{2022camels_data_release1,
author = {{Villaescusa-Navarro}, Francisco and {Genel}, Shy and {Angl{\'e}s-Alc{\'a}zar}, Daniel and {Perez}, Lucia A. and {Villanueva-Domingo}, Pablo and {Wadekar}, Digvijay and {Shao}, Helen and {Mohammad}, Faizan G. and {Hassan}, Sultan and {Moser}, Emily and {Lau}, Erwin T. and {Machado Poletti Valle}, Luis Fernando and {Nicola}, Andrina and {Thiele}, Leander and {Jo}, Yongseok and {Philcox}, Oliver H.~E. and {Oppenheimer}, Benjamin D. and {Tillman}, Megan and {Hahn}, ChangHoon and {Kaushal}, Neerav and {Pisani}, Alice and {Gebhardt}, Matthew and {Delgado}, Ana Maria and {Caliendo}, Joyce and {Kreisch}, Christina and {Wong}, Kaze W.~K. and {Coulton}, William R. and {Eickenberg}, Michael and {Parimbelli}, Gabriele and {Ni}, Yueying and {Steinwandel}, Ulrich P. and {La Torre}, Valentina and {Dave}, Romeel and {Battaglia}, Nicholas and {Nagai}, Daisuke and {Spergel}, David N. and {Hernquist}, Lars and {Burkhart}, Blakesley and {Narayanan}, Desika and {Wandelt}, Benjamin and {Somerville}, Rachel S. and {Bryan}, Greg L. and {Viel}, Matteo and {Li}, Yin and {Irsic}, Vid and {Kraljic}, Katarina and {Vogelsberger}, Mark},
title = "{The CAMELS project: public data release}",
journal = {arXiv e-prints},
keywords = {Astrophysics - Cosmology and Nongalactic Astrophysics, Astrophysics - Astrophysics of Galaxies, Astrophysics - Instrumentation and Methods for Astrophysics, Computer Science - Artificial Intelligence, Computer Science - Machine Learning},
year = 2022,
month = jan,
eid = {arXiv:2201.01300},
pages = {arXiv:2201.01300},
archivePrefix = {arXiv},
eprint = {2201.01300},
primaryClass = {astro-ph.CO},
adsurl = {https://ui.adsabs.harvard.edu/abs/2022arXiv220101300V},
adsnote = {Provided by the SAO/NASA Astrophysics Data System}
}

@ARTICLE{2014AdhikariDalalChamberlain,
       author = {{Adhikari}, Susmita and {Dalal}, Neal and {Chamberlain}, Robert T.},
        title = "{Splashback in accreting dark matter halos}",
      journal = {\jcap},
     keywords = {Astrophysics - Cosmology and Nongalactic Astrophysics},
         year = 2014,
        month = nov,
       volume = {2014},
       number = {11},
        pages = {019-019},
          doi = {10.1088/1475-7516/2014/11/019},
archivePrefix = {arXiv},
       eprint = {1409.4482},
 primaryClass = {astro-ph.CO},
       adsurl = {https://ui.adsabs.harvard.edu/abs/2014JCAP...11..019A},
      adsnote = {Provided by the SAO/NASA Astrophysics Data System}
}

@ARTICLE{2014DiemerKrastov,
       author = {{Diemer}, Benedikt and {Kravtsov}, Andrey V.},
        title = "{Dependence of the Outer Density Profiles of Halos on Their Mass Accretion Rate}",
      journal = {\apj},
     keywords = {cosmology: theory, dark matter, methods: numerical, Astrophysics - Cosmology and Nongalactic Astrophysics},
         year = 2014,
        month = jul,
       volume = {789},
       number = {1},
          eid = {1},
        pages = {1},
          doi = {10.1088/0004-637X/789/1/1},
archivePrefix = {arXiv},
       eprint = {1401.1216},
 primaryClass = {astro-ph.CO},
       adsurl = {https://ui.adsabs.harvard.edu/abs/2014ApJ...789....1D},
      adsnote = {Provided by the SAO/NASA Astrophysics Data System}
}

@ARTICLE{2018Changetal_DES_splashback,
       author = {{Chang}, C. and {Baxter}, E. and {Jain}, B. and {S{\'a}nchez}, C. and {Adhikari}, S. and {Varga}, T.~N. and {Fang}, Y. and {Rozo}, E. and {Rykoff}, E.~S. and {Kravtsov}, A. and {Gruen}, D. and {Hartley}, W. and {Huff}, E.~M. and {Jarvis}, M. and {Kim}, A.~G. and {Prat}, J. and {MacCrann}, N. and {McClintock}, T. and {Palmese}, A. and {Rapetti}, D. and {Rollins}, R.~P. and {Samuroff}, S. and {Sheldon}, E. and {Troxel}, M.~A. and {Wechsler}, R.~H. and {Zhang}, Y. and {Zuntz}, J. and {Abbott}, T.~M.~C. and {Abdalla}, F.~B. and {Allam}, S. and {Annis}, J. and {Bechtol}, K. and {Benoit-L{\'e}vy}, A. and {Bernstein}, G.~M. and {Brooks}, D. and {Buckley-Geer}, E. and {Carnero Rosell}, A. and {Carrasco Kind}, M. and {Carretero}, J. and {D'Andrea}, C.~B. and {da Costa}, L.~N. and {Davis}, C. and {Desai}, S. and {Diehl}, H.~T. and {Dietrich}, J.~P. and {Drlica-Wagner}, A. and {Eifler}, T.~F. and {Flaugher}, B. and {Fosalba}, P. and {Frieman}, J. and {Garc{\'\i}a-Bellido}, J. and {Gaztanaga}, E. and {Gerdes}, D.~W. and {Gruendl}, R.~A. and {Gschwend}, J. and {Gutierrez}, G. and {Honscheid}, K. and {James}, D.~J. and {Jeltema}, T. and {Krause}, E. and {Kuehn}, K. and {Lahav}, O. and {Lima}, M. and {March}, M. and {Marshall}, J.~L. and {Martini}, P. and {Melchior}, P. and {Menanteau}, F. and {Miquel}, R. and {Mohr}, J.~J. and {Nord}, B. and {Ogando}, R.~L.~C. and {Plazas}, A.~A. and {Sanchez}, E. and {Scarpine}, V. and {Schindler}, R. and {Schubnell}, M. and {Sevilla-Noarbe}, I. and {Smith}, M. and {Smith}, R.~C. and {Soares-Santos}, M. and {Sobreira}, F. and {Suchyta}, E. and {Swanson}, M.~E.~C. and {Tarle}, G. and {Weller}, J. and {DES Collaboration}},
        title = "{The Splashback Feature around DES Galaxy Clusters: Galaxy Density and Weak Lensing Profiles}",
      journal = {\apj},
     keywords = {cosmology: observations, galaxies: clusters: general, galaxies: halos, gravitational lensing: weak, Astrophysics - Cosmology and Nongalactic Astrophysics},
         year = 2018,
        month = sep,
       volume = {864},
       number = {1},
          eid = {83},
        pages = {83},
          doi = {10.3847/1538-4357/aad5e7},
archivePrefix = {arXiv},
       eprint = {1710.06808},
 primaryClass = {astro-ph.CO},
       adsurl = {https://ui.adsabs.harvard.edu/abs/2018ApJ...864...83C},
      adsnote = {Provided by the SAO/NASA Astrophysics Data System}
}


@ARTICLE{2019Chisari_etal_Baryfeedback,
       author = {{Chisari}, Nora Elisa and {Mead}, Alexander J. and {Joudaki}, Shahab and {Ferreira}, Pedro G. and {Schneider}, Aurel and {Mohr}, Joseph and {Tr{\"o}ster}, Tilman and {Alonso}, David and {McCarthy}, Ian G. and {Martin-Alvarez}, Sergio and {Devriendt}, Julien and {Slyz}, Adrianne and {van Daalen}, Marcel P.},
        title = "{Modelling baryonic feedback for survey cosmology}",
      journal = {The Open Journal of Astrophysics},
     keywords = {Astrophysics - Cosmology and Nongalactic Astrophysics, Astrophysics - Astrophysics of Galaxies},
         year = 2019,
        month = jun,
       volume = {2},
       number = {1},
          eid = {4},
        pages = {4},
          doi = {10.21105/astro.1905.06082},
archivePrefix = {arXiv},
       eprint = {1905.06082},
 primaryClass = {astro-ph.CO},
       adsurl = {https://ui.adsabs.harvard.edu/abs/2019OJAp....2E...4C},
      adsnote = {Provided by the SAO/NASA Astrophysics Data System}
}

@ARTICLE{2021AricoAnguloetal_baryonifi,
       author = {{Aric{\`o}}, Giovanni and {Angulo}, Raul E. and {Hern{\'a}ndez-Monteagudo}, Carlos and {Contreras}, Sergio and {Zennaro}, Matteo},
        title = "{Simultaneous modelling of matter power spectrum and bispectrum in the presence of baryons}",
      journal = {\mnras},
     keywords = {cosmological parameters, cosmology: theory, large-scale structure of Universe, Astrophysics - Cosmology and Nongalactic Astrophysics, Astrophysics - Astrophysics of Galaxies},
         year = 2021,
        month = may,
       volume = {503},
       number = {3},
        pages = {3596-3609},
          doi = {10.1093/mnras/stab699},
archivePrefix = {arXiv},
       eprint = {2009.14225},
 primaryClass = {astro-ph.CO},
       adsurl = {https://ui.adsabs.harvard.edu/abs/2021MNRAS.503.3596A},
      adsnote = {Provided by the SAO/NASA Astrophysics Data System}
}
@ARTICLE{2020AricoAnguloetal_baryonifi,
       author = {{Aric{\`o}}, Giovanni and {Angulo}, Raul E. and {Hern{\'a}ndez-Monteagudo}, Carlos and {Contreras}, Sergio and {Zennaro}, Matteo and {Pellejero-Iba{\~n}ez}, Marcos and {Rosas-Guevara}, Yetli},
        title = "{Modelling the large-scale mass density field of the universe as a function of cosmology and baryonic physics}",
      journal = {\mnras},
     keywords = {cosmological parameters, large-scale structure of Universe, cosmology: theory, Astrophysics - Cosmology and Nongalactic Astrophysics, Astrophysics - Astrophysics of Galaxies},
         year = 2020,
        month = jul,
       volume = {495},
       number = {4},
        pages = {4800-4819},
          doi = {10.1093/mnras/staa1478},
archivePrefix = {arXiv},
       eprint = {1911.08471},
 primaryClass = {astro-ph.CO},
       adsurl = {https://ui.adsabs.harvard.edu/abs/2020MNRAS.495.4800A},
      adsnote = {Provided by the SAO/NASA Astrophysics Data System}
}

@ARTICLE{2014Schaeinskietal_SDSS+,
       author = {{Schawinski}, Kevin and {Urry}, C. Megan and {Simmons}, Brooke D. and {Fortson}, Lucy and {Kaviraj}, Sugata and {Keel}, William C. and {Lintott}, Chris J. and {Masters}, Karen L. and {Nichol}, Robert C. and {Sarzi}, Marc and {Skibba}, Ramin and {Treister}, Ezequiel and {Willett}, Kyle W. and {Wong}, O. Ivy and {Yi}, Sukyoung K.},
        title = "{The green valley is a red herring: Galaxy Zoo reveals two evolutionary pathways towards quenching of star formation in early- and late-type galaxies}",
      journal = {\mnras},
     keywords = {galaxies: active, galaxies: elliptical and lenticular, cD, galaxies: evolution, galaxies: spiral, Astrophysics - Astrophysics of Galaxies, Astrophysics - Cosmology and Nongalactic Astrophysics},
         year = 2014,
        month = may,
       volume = {440},
       number = {1},
        pages = {889-907},
          doi = {10.1093/mnras/stu327},
archivePrefix = {arXiv},
       eprint = {1402.4814},
 primaryClass = {astro-ph.GA},
       adsurl = {https://ui.adsabs.harvard.edu/abs/2014MNRAS.440..889S},
      adsnote = {Provided by the SAO/NASA Astrophysics Data System}
}

@ARTICLE{2017Willetetal_GalxayZoo_HST,
       author = {{Willett}, Kyle W. and {Galloway}, Melanie A. and {Bamford}, Steven P. and {Lintott}, Chris J. and {Masters}, Karen L. and {Scarlata}, Claudia and {Simmons}, B.~D. and {Beck}, Melanie and {Cardamone}, Carolin N. and {Cheung}, Edmond and {Edmondson}, Edward M. and {Fortson}, Lucy F. and {Griffith}, Roger L. and {H{\"a}u{\ss}ler}, Boris and {Han}, Anna and {Hart}, Ross and {Melvin}, Thomas and {Parrish}, Michael and {Schawinski}, Kevin and {Smethurst}, R.~J. and {Smith}, Arfon M.},
        title = "{Galaxy Zoo: morphological classifications for 120 000 galaxies in HST legacy imaging}",
      journal = {\mnras},
     keywords = {methods: data analysis, catalogues, galaxies: evolution, galaxies: high-redshift, galaxies: structure, Astrophysics - Astrophysics of Galaxies, Astrophysics - Cosmology and Nongalactic Astrophysics},
         year = 2017,
        month = feb,
       volume = {464},
       number = {4},
        pages = {4176-4203},
          doi = {10.1093/mnras/stw2568},
archivePrefix = {arXiv},
       eprint = {1610.03068},
 primaryClass = {astro-ph.GA},
       adsurl = {https://ui.adsabs.harvard.edu/abs/2017MNRAS.464.4176W},
      adsnote = {Provided by the SAO/NASA Astrophysics Data System}
}

@ARTICLE{2020SDSS_Ahumadaetal_16th_data,
       author = {{Ahumada}, Romina and {Allende Prieto}, Carlos and {Almeida}, Andr{\'e}s and {Anders}, Friedrich and {Anderson}, Scott F. and {Andrews}, Brett H. and {Anguiano}, Borja and {Arcodia}, Riccardo and {Armengaud}, Eric and {Aubert}, Marie and {Avila}, Santiago and {Avila-Reese}, Vladimir and {Badenes}, Carles and {Balland}, Christophe and {Barger}, Kat and {Barrera-Ballesteros}, Jorge K. and {Basu}, Sarbani and {Bautista}, Julian and {Beaton}, Rachael L. and {Beers}, Timothy C. and {Benavides}, B. Izamar T. and {Bender}, Chad F. and {Bernardi}, Mariangela and {Bershady}, Matthew and {Beutler}, Florian and {Bidin}, Christian Moni and {Bird}, Jonathan and {Bizyaev}, Dmitry and {Blanc}, Guillermo A. and {Blanton}, Michael R. and {Boquien}, M{\'e}d{\'e}ric and {Borissova}, Jura and {Bovy}, Jo and {Brandt}, W.~N. and {Brinkmann}, Jonathan and {Brownstein}, Joel R. and {Bundy}, Kevin and {Bureau}, Martin and {Burgasser}, Adam and {Burtin}, Etienne and {Cano-D{\'\i}az}, Mariana and {Capasso}, Raffaella and {Cappellari}, Michele and {Carrera}, Ricardo and {Chabanier}, Sol{\`e}ne and {Chaplin}, William and {Chapman}, Michael and {Cherinka}, Brian and {Chiappini}, Cristina and {Doohyun Choi}, Peter and {Chojnowski}, S. Drew and {Chung}, Haeun and {Clerc}, Nicolas and {Coffey}, Damien and {Comerford}, Julia M. and {Comparat}, Johan and {da Costa}, Luiz and {Cousinou}, Marie-Claude and {Covey}, Kevin and {Crane}, Jeffrey D. and {Cunha}, Katia and {Ilha}, Gabriele da Silva and {Dai}, Yu Sophia and {Damsted}, Sanna B. and {Darling}, Jeremy and {Davidson}, James W., Jr. and {Davies}, Roger and {Dawson}, Kyle and {De}, Nikhil and {de la Macorra}, Axel and {De Lee}, Nathan and {Queiroz}, Anna B{\'a}rbara de Andrade and {Deconto Machado}, Alice and {de la Torre}, Sylvain and {Dell'Agli}, Flavia and {du Mas des Bourboux}, H{\'e}lion and {Diamond-Stanic}, Aleksandar M. and {Dillon}, Sean and {Donor}, John and {Drory}, Niv and {Duckworth}, Chris and {Dwelly}, Tom and {Ebelke}, Garrett and {Eftekharzadeh}, Sarah and {Davis Eigenbrot}, Arthur and {Elsworth}, Yvonne P. and {Eracleous}, Mike and {Erfanianfar}, Ghazaleh and {Escoffier}, Stephanie and {Fan}, Xiaohui and {Farr}, Emily and {Fern{\'a}ndez-Trincado}, Jos{\'e} G. and {Feuillet}, Diane and {Finoguenov}, Alexis and {Fofie}, Patricia and {Fraser-McKelvie}, Amelia and {Frinchaboy}, Peter M. and {Fromenteau}, Sebastien and {Fu}, Hai and {Galbany}, Llu{\'\i}s and {Garcia}, Rafael A. and {Garc{\'\i}a-Hern{\'a}ndez}, D.~A. and {Garma Oehmichen}, Luis Alberto and {Ge}, Junqiang and {Geimba Maia}, Marcio Antonio and {Geisler}, Doug and {Gelfand}, Joseph and {Goddy}, Julian and {Gonzalez-Perez}, Violeta and {Grabowski}, Kathleen and {Green}, Paul and {Grier}, Catherine J. and {Guo}, Hong and {Guy}, Julien and {Harding}, Paul and {Hasselquist}, Sten and {Hawken}, Adam James and {Hayes}, Christian R. and {Hearty}, Fred and {Hekker}, S. and {Hogg}, David W. and {Holtzman}, Jon A. and {Horta}, Danny and {Hou}, Jiamin and {Hsieh}, Bau-Ching and {Huber}, Daniel and {Hunt}, Jason A.~S. and {Ider Chitham}, J. and {Imig}, Julie and {Jaber}, Mariana and {Jimenez Angel}, Camilo Eduardo and {Johnson}, Jennifer A. and {Jones}, Amy M. and {J{\"o}nsson}, Henrik and {Jullo}, Eric and {Kim}, Yerim and {Kinemuchi}, Karen and {Kirkpatrick}, Charles C., IV and {Kite}, George W. and {Klaene}, Mark and {Kneib}, Jean-Paul and {Kollmeier}, Juna A. and {Kong}, Hui and {Kounkel}, Marina and {Krishnarao}, Dhanesh and {Lacerna}, Ivan and {Lan}, Ting-Wen and {Lane}, Richard R. and {Law}, David R. and {Le Goff}, Jean-Marc and {Leung}, Henry W. and {Lewis}, Hannah and {Li}, Cheng and {Lian}, Jianhui and {Lin}, Lihwai and {Long}, Dan and {Longa-Pe{\~n}a}, Pen{\'e}lope and {Lundgren}, Britt and {Lyke}, Brad W. and {Mackereth}, J. Ted and {MacLeod}, Chelsea L. and {Majewski}, Steven R. and {Manchado}, Arturo and {Maraston}, Claudia and {Martini}, Paul and {Masseron}, Thomas and {Masters}, Karen L. and {Mathur}, Savita and {McDermid}, Richard M. and {Merloni}, Andrea and {Merrifield}, Michael and {M{\'e}sz{\'a}ros}, Szabolcs and {Miglio}, Andrea and {Minniti}, Dante and {Minsley}, Rebecca and {Miyaji}, Takamitsu and {Mohammad}, Faizan Gohar and {Mosser}, Benoit and {Mueller}, Eva-Maria and {Muna}, Demitri and {Mu{\~n}oz-Guti{\'e}rrez}, Andrea and {Myers}, Adam D. and {Nadathur}, Seshadri and {Nair}, Preethi and {Nandra}, Kirpal and {Correa do Nascimento}, Janaina and {Nevin}, Rebecca Jean and {Newman}, Jeffrey A. and {Nidever}, David L. and {Nitschelm}, Christian and {Noterdaeme}, Pasquier and {O'Connell}, Julia E. and {Olmstead}, Matthew D. and {Oravetz}, Daniel and {Oravetz}, Audrey and {Osorio}, Yeisson and {Pace}, Zachary J. and {Padilla}, Nelson and {Palanque-Delabrouille}, Nathalie and {Palicio}, Pedro A. and {Pan}, Hsi-An and {Pan}, Kaike and {Parker}, James and {Paviot}, Romain and {Peirani}, Sebastien and {Ram{\'r}ez}, Karla Pe{\~n}a and {Penny}, Samantha and {Percival}, Will J. and {Perez-Fournon}, Ismael and {P{\'e}rez-R{\`a}fols}, Ignasi and {Petitjean}, Patrick and {Pieri}, Matthew M. and {Pinsonneault}, Marc and {Poovelil}, Vijith Jacob and {Povick}, Joshua Tyler and {Prakash}, Abhishek and {Price-Whelan}, Adrian M. and {Raddick}, M. Jordan and {Raichoor}, Anand and {Ray}, Amy and {Rembold}, Sandro Barboza and {Rezaie}, Mehdi and {Riffel}, Rogemar A. and {Riffel}, Rog{\'e}rio and {Rix}, Hans-Walter and {Robin}, Annie C. and {Roman-Lopes}, A. and {Rom{\'a}n-Z{\'u}{\~n}iga}, Carlos and {Rose}, Benjamin and {Ross}, Ashley J. and {Rossi}, Graziano and {Rowlands}, Kate and {Rubin}, Kate H.~R. and {Salvato}, Mara and {S{\'a}nchez}, Ariel G. and {S{\'a}nchez-Menguiano}, Laura and {S{\'a}nchez-Gallego}, Jos{\'e} R. and {Sayres}, Conor and {Schaefer}, Adam and {Schiavon}, Ricardo P. and {Schimoia}, Jaderson S. and {Schlafly}, Edward and {Schlegel}, David and {Schneider}, Donald P. and {Schultheis}, Mathias and {Schwope}, Axel and {Seo}, Hee-Jong and {Serenelli}, Aldo and {Shafieloo}, Arman and {Shamsi}, Shoaib Jamal and {Shao}, Zhengyi and {Shen}, Shiyin and {Shetrone}, Matthew and {Shirley}, Raphael and {Silva Aguirre}, V{\'\i}ctor and {Simon}, Joshua D. and {Skrutskie}, M.~F. and {Slosar}, An{\v{z}}e and {Smethurst}, Rebecca and {Sobeck}, Jennifer and {Sodi}, Bernardo Cervantes and {Souto}, Diogo and {Stark}, David V. and {Stassun}, Keivan G. and {Steinmetz}, Matthias and {Stello}, Dennis and {Stermer}, Julianna and {Storchi-Bergmann}, Thaisa and {Streblyanska}, Alina and {Stringfellow}, Guy S. and {Stutz}, Amelia and {Su{\'a}rez}, Genaro and {Sun}, Jing and {Taghizadeh-Popp}, Manuchehr and {Talbot}, Michael S. and {Tayar}, Jamie and {Thakar}, Aniruddha R. and {Theriault}, Riley and {Thomas}, Daniel and {Thomas}, Zak C. and {Tinker}, Jeremy and {Tojeiro}, Rita and {Toledo}, Hector Hernandez and {Tremonti}, Christy A. and {Troup}, Nicholas W. and {Tuttle}, Sarah and {Unda-Sanzana}, Eduardo and {Valentini}, Marica and {Vargas-Gonz{\'a}lez}, Jaime and {Vargas-Maga{\~n}a}, Mariana and {V{\'a}zquez-Mata}, Jose Antonio and {Vivek}, M. and {Wake}, David and {Wang}, Yuting and {Weaver}, Benjamin Alan and {Weijmans}, Anne-Marie and {Wild}, Vivienne and {Wilson}, John C. and {Wilson}, Robert F. and {Wolthuis}, Nathan and {Wood-Vasey}, W.~M. and {Yan}, Renbin and {Yang}, Meng and {Y{\`e}che}, Christophe and {Zamora}, Olga and {Zarrouk}, Pauline and {Zasowski}, Gail and {Zhang}, Kai and {Zhao}, Cheng and {Zhao}, Gongbo and {Zheng}, Zheng and {Zheng}, Zheng and {Zhu}, Guangtun and {Zou}, Hu},
        title = "{The 16th Data Release of the Sloan Digital Sky Surveys: First Release from the APOGEE-2 Southern Survey and Full Release of eBOSS Spectra}",
      journal = {\apjs},
     keywords = {Astronomy databases, Optical telescopes, Infrared astronomy, Redshift surveys, Galactic abundances, Stellar spectral lines, Stellar properties, 83, 1174, 786, 1378, 2002, 1630, 1624, Astrophysics - Astrophysics of Galaxies, Astrophysics - Cosmology and Nongalactic Astrophysics, Astrophysics - Instrumentation and Methods for Astrophysics},
         year = 2020,
        month = jul,
       volume = {249},
       number = {1},
          eid = {3},
        pages = {3},
          doi = {10.3847/1538-4365/ab929e},
archivePrefix = {arXiv},
       eprint = {1912.02905},
 primaryClass = {astro-ph.GA},
       adsurl = {https://ui.adsabs.harvard.edu/abs/2020ApJS..249....3A},
      adsnote = {Provided by the SAO/NASA Astrophysics Data System}
}

@ARTICLE{2023Harikane_etal_JWST,
       author = {{Harikane}, Yuichi and {Ouchi}, Masami and {Oguri}, Masamune and {Ono}, Yoshiaki and {Nakajima}, Kimihiko and {Isobe}, Yuki and {Umeda}, Hiroya and {Mawatari}, Ken and {Zhang}, Yechi},
        title = "{A Comprehensive Study of Galaxies at z   9-16 Found in the Early JWST Data: Ultraviolet Luminosity Functions and Cosmic Star Formation History at the Pre-reionization Epoch}",
      journal = {\apjs},
     keywords = {Galaxy evolution, Galaxy formation, High-redshift galaxies, 594, 595, 734, Astrophysics - Astrophysics of Galaxies},
         year = 2023,
        month = mar,
       volume = {265},
       number = {1},
          eid = {5},
        pages = {5},
          doi = {10.3847/1538-4365/acaaa9},
archivePrefix = {arXiv},
       eprint = {2208.01612},
 primaryClass = {astro-ph.GA},
       adsurl = {https://ui.adsabs.harvard.edu/abs/2023ApJS..265....5H},
      adsnote = {Provided by the SAO/NASA Astrophysics Data System}
}


@ARTICLE{2023FIRE-2_publicrelease,
       author = {{Wetzel}, Andrew and {Hayward}, Christopher C. and {Sanderson}, Robyn E. and {Ma}, Xiangcheng and {Angl{\'e}s-Alc{\'a}zar}, Daniel and {Feldmann}, Robert and {Chan}, T.~K. and {El-Badry}, Kareem and {Wheeler}, Coral and {Garrison-Kimmel}, Shea and {Nikakhtar}, Farnik and {Panithanpaisal}, Nondh and {Arora}, Arpit and {Gurvich}, Alexander B. and {Samuel}, Jenna and {Sameie}, Omid and {Pandya}, Viraj and {Hafen}, Zachary and {Hummels}, Cameron and {Loebman}, Sarah and {Boylan-Kolchin}, Michael and {Bullock}, James S. and {Faucher-Gigu{\`e}re}, Claude-Andr{\'e} and {Kere{\v{s}}}, Du{\v{s}}an and {Quataert}, Eliot and {Hopkins}, Philip F.},
        title = "{Public Data Release of the FIRE-2 Cosmological Zoom-in Simulations of Galaxy Formation}",
      journal = {\apjs},
     keywords = {Galaxy formation, Galactic and extragalactic astronomy, Galaxy physics, Milky Way formation, Theoretical models, N-body simulations, Astronomical simulations, Hydrodynamical simulations, Galaxies, 595, 563, 612, 1053, 2107, 1083, 1857, 767, 573, Astrophysics - Astrophysics of Galaxies, Astrophysics - Cosmology and Nongalactic Astrophysics, Astrophysics - Solar and Stellar Astrophysics},
         year = 2023,
        month = apr,
       volume = {265},
       number = {2},
          eid = {44},
        pages = {44},
          doi = {10.3847/1538-4365/acb99a},
archivePrefix = {arXiv},
       eprint = {2202.06969},
 primaryClass = {astro-ph.GA},
       adsurl = {https://ui.adsabs.harvard.edu/abs/2023ApJS..265...44W},
      adsnote = {Provided by the SAO/NASA Astrophysics Data System}
}

@ARTICLE{2004Gnesin_etal,
       author = {{Gnedin}, Oleg Y. and {Kravtsov}, Andrey V. and {Klypin}, Anatoly A. and {Nagai}, Daisuke},
        title = "{Response of Dark Matter Halos to Condensation of Baryons: Cosmological Simulations and Improved Adiabatic Contraction Model}",
      journal = {\apj},
     keywords = {Cosmology: Theory, Cosmology: Dark Matter, Galaxies: Formation, Galaxies: Halos, Methods: Numerical, Astrophysics},
         year = 2004,
        month = nov,
       volume = {616},
       number = {1},
        pages = {16-26},
          doi = {10.1086/424914},
archivePrefix = {arXiv},
       eprint = {astro-ph/0406247},
 primaryClass = {astro-ph},
       adsurl = {https://ui.adsabs.harvard.edu/abs/2004ApJ...616...16G},
      adsnote = {Provided by the SAO/NASA Astrophysics Data System}
}

@ARTICLE{2006Gustafsson_FS,
       author = {{Gustafsson}, Michael and {Fairbairn}, Malcolm and {Sommer-Larsen}, Jesper},
        title = "{Baryonic pinching of galactic dark matter halos}",
      journal = {\prd},
     keywords = {95.35.+d, 98.62.Gq, 95.10.Ce, 95.30.Lz, Dark matter, Galactic halos, Celestial mechanics, Hydrodynamics, Astrophysics},
         year = 2006,
        month = dec,
       volume = {74},
       number = {12},
          eid = {123522},
        pages = {123522},
          doi = {10.1103/PhysRevD.74.123522},
archivePrefix = {arXiv},
       eprint = {astro-ph/0608634},
 primaryClass = {astro-ph},
       adsurl = {https://ui.adsabs.harvard.edu/abs/2006PhRvD..74l3522G},
      adsnote = {Provided by the SAO/NASA Astrophysics Data System}
}

@ARTICLE{2010DuffySchaye_etal,
       author = {{Duffy}, Alan R. and {Schaye}, Joop and {Kay}, Scott T. and {Dalla Vecchia}, Claudio and {Battye}, Richard A. and {Booth}, C.~M.},
        title = "{Impact of baryon physics on dark matter structures: a detailed simulation study of halo density profiles}",
      journal = {\mnras},
     keywords = {hydrodynamics, gravitation, methods: numerical, galaxies: haloes, galaxies: structure, dark matter, Astrophysics - Cosmology and Extragalactic Astrophysics, Astrophysics - Galaxy Astrophysics},
         year = 2010,
        month = jul,
       volume = {405},
       number = {4},
        pages = {2161-2178},
          doi = {10.1111/j.1365-2966.2010.16613.x},
archivePrefix = {arXiv},
       eprint = {1001.3447},
 primaryClass = {astro-ph.CO},
       adsurl = {https://ui.adsabs.harvard.edu/abs/2010MNRAS.405.2161D},
      adsnote = {Provided by the SAO/NASA Astrophysics Data System}
}


@ARTICLE{2010PedrosaTissera_etal,
       author = {{Pedrosa}, Susana and {Tissera}, Patricia B. and {Scannapieco}, Cecilia},
        title = "{The joint evolution of baryons and dark matter haloes}",
      journal = {\mnras},
     keywords = {galaxies: haloes, galaxies: structure, dark matter, Astrophysics - Cosmology and Nongalactic Astrophysics, Astrophysics - Astrophysics of Galaxies},
         year = 2010,
        month = feb,
       volume = {402},
       number = {2},
        pages = {776-788},
          doi = {10.1111/j.1365-2966.2009.15951.x},
archivePrefix = {arXiv},
       eprint = {0910.4380},
 primaryClass = {astro-ph.CO},
       adsurl = {https://ui.adsabs.harvard.edu/abs/2010MNRAS.402..776P},
      adsnote = {Provided by the SAO/NASA Astrophysics Data System}
}

@ARTICLE{2010TisseraWhite_etal,
       author = {{Tissera}, Patricia B. and {White}, Simon D.~M. and {Pedrosa}, Susana and {Scannapieco}, Cecilia},
        title = "{Dark matter response to galaxy formation}",
      journal = {\mnras},
     keywords = {galaxies: evolution, galaxies: formation, galaxies: haloes, Astrophysics - Cosmology and Nongalactic Astrophysics, Astrophysics - Astrophysics of Galaxies},
         year = 2010,
        month = aug,
       volume = {406},
       number = {2},
        pages = {922-935},
          doi = {10.1111/j.1365-2966.2010.16777.x},
archivePrefix = {arXiv},
       eprint = {0911.2316},
 primaryClass = {astro-ph.CO},
       adsurl = {https://ui.adsabs.harvard.edu/abs/2010MNRAS.406..922T},
      adsnote = {Provided by the SAO/NASA Astrophysics Data System}
}



@ARTICLE{2019ArtalePedrosa_etal,
       author = {{Artale}, Mar{\'\i}a Celeste and {Pedrosa}, Susana E. and {Tissera}, Patricia B. and {Cataldi}, Pedro and {Di Cintio}, Arianna},
        title = "{Dark matter response to galaxy assembly history}",
      journal = {\aap},
     keywords = {galaxies: halos, Galaxy: evolution, Galaxy: formation, Astrophysics - Cosmology and Nongalactic Astrophysics, Astrophysics - Astrophysics of Galaxies},
         year = 2019,
        month = feb,
       volume = {622},
          eid = {A197},
        pages = {A197},
          doi = {10.1051/0004-6361/201834096},
archivePrefix = {arXiv},
       eprint = {1901.02269},
 primaryClass = {astro-ph.CO},
       adsurl = {https://ui.adsabs.harvard.edu/abs/2019A&A...622A.197A},
      adsnote = {Provided by the SAO/NASA Astrophysics Data System}
}

@ARTICLE{2005SellwoodMcGaugh,
       author = {{Sellwood}, J.~A. and {McGaugh}, Stacy S.},
        title = "{The Compression of Dark Matter Halos by Baryonic Infall}",
      journal = {\apj},
     keywords = {Cosmology: Dark Matter, Galaxies: Formation, Galaxies: Halos, Galaxies: Kinematics and Dynamics, Astrophysics},
         year = 2005,
        month = nov,
       volume = {634},
       number = {1},
        pages = {70-76},
          doi = {10.1086/491731},
archivePrefix = {arXiv},
       eprint = {astro-ph/0507589},
 primaryClass = {astro-ph},
       adsurl = {https://ui.adsabs.harvard.edu/abs/2005ApJ...634...70S},
      adsnote = {Provided by the SAO/NASA Astrophysics Data System}
}

@ARTICLE{2022ForouharMoreno_etal,
       author = {{Forouhar Moreno}, Victor J. and {Ben{\'\i}tez-Llambay}, Alejandro and {Cole}, Shaun and {Frenk}, Carlos},
        title = "{Baryon-driven decontraction in Milky Way-mass haloes}",
      journal = {\mnras},
     keywords = {dark matter, galaxies: bar, galaxies: evolution, Astrophysics - Astrophysics of Galaxies},
         year = 2022,
        month = apr,
       volume = {511},
       number = {3},
        pages = {3910-3921},
          doi = {10.1093/mnras/stac312},
archivePrefix = {arXiv},
       eprint = {2107.14245},
 primaryClass = {astro-ph.GA},
       adsurl = {https://ui.adsabs.harvard.edu/abs/2022MNRAS.511.3910F},
      adsnote = {Provided by the SAO/NASA Astrophysics Data System}
}

@ARTICLE{2005Keres_KWD,
       author = {{Kere{\v{s}}}, Du{\v{s}}an and {Katz}, Neal and {Weinberg}, David H. and {Dav{\'e}}, Romeel},
        title = "{How do galaxies get their gas?}",
      journal = {\mnras},
     keywords = {methods: numerical, cooling flows, galaxies: evolution, galaxies: formation, Astrophysics},
         year = 2005,
        month = oct,
       volume = {363},
       number = {1},
        pages = {2-28},
          doi = {10.1111/j.1365-2966.2005.09451.x},
archivePrefix = {arXiv},
       eprint = {astro-ph/0407095},
 primaryClass = {astro-ph},
       adsurl = {https://ui.adsabs.harvard.edu/abs/2005MNRAS.363....2K},
      adsnote = {Provided by the SAO/NASA Astrophysics Data System}
}

@BOOK{1993paddy_strucformbook,
       author = {{Padmanabhan}, T.},
        title = "{Structure Formation in the Universe}",
         year = 1993,
       adsurl = {https://ui.adsabs.harvard.edu/abs/1993sfu..book.....P},
      adsnote = {Provided by the SAO/NASA Astrophysics Data System}
}

@ARTICLE{1998OwenWeinberg_etal,
       author = {{Owen}, J. Michael and {Weinberg}, David H. and {Villumsen}, Jens V.},
        title = "{Cosmological Simulations with Scale-Free Initial Conditions II: Radiative Cooling}",
      journal = {arXiv e-prints},
     keywords = {Astrophysics},
         year = 1998,
        month = may,
          eid = {astro-ph/9805097},
        pages = {astro-ph/9805097},
          doi = {10.48550/arXiv.astro-ph/9805097},
archivePrefix = {arXiv},
       eprint = {astro-ph/9805097},
 primaryClass = {astro-ph},
       adsurl = {https://ui.adsabs.harvard.edu/abs/1998astro.ph..5097O},
      adsnote = {Provided by the SAO/NASA Astrophysics Data System}
}

@ARTICLE{2000Abadi_etal_SelfSimCool,
       author = {{Abadi}, Mario G. and {Bower}, Richard G. and {Navarro}, Julio F.},
        title = "{Self-similar shocked accretion of collisional gas with radiative cooling}",
      journal = {\mnras},
     keywords = {HYDRODYNAMICS, METHODS: NUMERICAL, GALAXIES: FORMATION, Astrophysics},
         year = 2000,
        month = jun,
       volume = {314},
       number = {4},
        pages = {759-767},
          doi = {10.1046/j.1365-8711.2000.03349.x},
archivePrefix = {arXiv},
       eprint = {astro-ph/9904364},
 primaryClass = {astro-ph},
       adsurl = {https://ui.adsabs.harvard.edu/abs/2000MNRAS.314..759A},
      adsnote = {Provided by the SAO/NASA Astrophysics Data System}
}

@ARTICLE{2023Shi_iter_approach,
       author = {{Shi}, Xun},
        title = "{Iterative mean-field approach to the spherical collapse of dark matter haloes}",
      journal = {\mnras},
     keywords = {methods: analytical, methods: numerical, cosmology: theory, dark matter, Astrophysics - Cosmology and Nongalactic Astrophysics},
         year = 2023,
        month = jan,
       volume = {518},
       number = {1},
        pages = {382-387},
          doi = {10.1093/mnras/stac3148},
archivePrefix = {arXiv},
       eprint = {2210.16996},
 primaryClass = {astro-ph.CO},
       adsurl = {https://ui.adsabs.harvard.edu/abs/2023MNRAS.518..382S},
      adsnote = {Provided by the SAO/NASA Astrophysics Data System}
}

@ARTICLE{2020ShiNagai_etal_merger_shocks,
       author = {{Shi}, Xun and {Nagai}, Daisuke and {Aung}, Han and {Wetzel}, Andrew},
        title = "{Dynamical heating of the X-ray emitting intracluster medium: the roles of merger shocks and turbulence dissipation}",
      journal = {\mnras},
     keywords = {turbulence, methods: numerical, galaxies: clusters: general, galaxies: clusters: intracluster medium, large-scale structure of Universe, Astrophysics - Cosmology and Nongalactic Astrophysics},
         year = 2020,
        month = jun,
       volume = {495},
       number = {1},
        pages = {784-795},
          doi = {10.1093/mnras/staa1221},
archivePrefix = {arXiv},
       eprint = {2002.00674},
 primaryClass = {astro-ph.CO},
       adsurl = {https://ui.adsabs.harvard.edu/abs/2020MNRAS.495..784S},
      adsnote = {Provided by the SAO/NASA Astrophysics Data System}
}

@ARTICLE{2020Zhang_etal_merger_shocks,
       author = {{Zhang}, Congyao and {Churazov}, Eugene and {Dolag}, Klaus and {Forman}, William R. and {Zhuravleva}, Irina},
        title = "{Encounters of merger and accretion shocks in galaxy clusters and their effects on intracluster medium}",
      journal = {\mnras},
     keywords = {hydrodynamics, shock waves, methods: numerical, galaxies: clusters: intracluster medium, Astrophysics - Astrophysics of Galaxies, Astrophysics - Cosmology and Nongalactic Astrophysics},
         year = 2020,
        month = may,
       volume = {494},
       number = {3},
        pages = {4539-4547},
          doi = {10.1093/mnras/staa1013},
archivePrefix = {arXiv},
       eprint = {2001.10959},
 primaryClass = {astro-ph.GA},
       adsurl = {https://ui.adsabs.harvard.edu/abs/2020MNRAS.494.4539Z},
      adsnote = {Provided by the SAO/NASA Astrophysics Data System}
}
















