@ARTICLE{2021MNRAS.503.4147P,
       author = {{Paranjape}, Aseem and {Choudhury}, Tirthankar Roy and {Sheth}, Ravi K.},
        title = "{Multiwavelength mock galaxy catalogues of the low-redshift Universe}",
      journal = {\mnras},
     keywords = {galaxies: formation, cosmology: theory, dark matter, large-scale structure of Universe, methods: numerical, Astrophysics - Astrophysics of Galaxies, Astrophysics - Cosmology and Nongalactic Astrophysics},
         year = 2021,
        month = may,
       volume = {503},
       number = {3},
        pages = {4147-4162},
          doi = {10.1093/mnras/stab722},
archivePrefix = {arXiv},
       eprint = {2101.02717},
 primaryClass = {astro-ph.GA},
       adsurl = {https://ui.adsabs.harvard.edu/abs/2021MNRAS.503.4147P},
      adsnote = {Provided by the SAO/NASA Astrophysics Data System}
}

@ARTICLE{2021arXiv210213116P,
       author = {{Paranjape}, Aseem and {Sheth}, Ravi K.},
        title = "{The radial acceleration relation in a $\Lambda$CDM universe}",
      journal = {arXiv e-prints},
     keywords = {Astrophysics - Astrophysics of Galaxies, Astrophysics - Cosmology and Nongalactic Astrophysics},
         year = 2021,
        month = feb,
          eid = {arXiv:2102.13116},
        pages = {arXiv:2102.13116},
archivePrefix = {arXiv},
       eprint = {2102.13116},
 primaryClass = {astro-ph.GA},
       adsurl = {https://ui.adsabs.harvard.edu/abs/2021arXiv210213116P},
      adsnote = {Provided by the SAO/NASA Astrophysics Data System}
}

@ARTICLE{2018MNRAS.481.1950L,
       author = {{Lovell}, Mark R. and {Pillepich}, Annalisa and {Genel}, Shy and {Nelson}, Dylan and {Springel}, Volker and {Pakmor}, R{\"u}diger and {Marinacci}, Federico and {Weinberger}, Rainer and {Torrey}, Paul and {Vogelsberger}, Mark and {Alabi}, Adebusola and {Hernquist}, Lars},
        title = "{The fraction of dark matter within galaxies from the IllustrisTNG simulations}",
      journal = {\mnras},
     keywords = {Galaxy: kinematics and dynamics, Galaxy: structure, (cosmology:) dark matter, Astrophysics - Astrophysics of Galaxies},
         year = 2018,
        month = dec,
       volume = {481},
       number = {2},
        pages = {1950-1975},
          doi = {10.1093/mnras/sty2339},
archivePrefix = {arXiv},
       eprint = {1801.10170},
 primaryClass = {astro-ph.GA},
       adsurl = {https://ui.adsabs.harvard.edu/abs/2018MNRAS.481.1950L},
      adsnote = {Provided by the SAO/NASA Astrophysics Data System}
}

@ARTICLE{2011MNRAS.414..195T,
       author = {{Teyssier}, Romain and {Moore}, Ben and {Martizzi}, Davide and {Dubois}, Yohan and {Mayer}, Lucio},
        title = "{Mass distribution in galaxy clusters: the role of Active Galactic Nuclei feedback}",
      journal = {\mnras},
     keywords = {black hole physics, methods: numerical, galaxies: clusters: general, galaxies: formation, cosmology: theory, large-scale structure of Universe, Astrophysics - Cosmology and Nongalactic Astrophysics},
         year = 2011,
        month = jun,
       volume = {414},
       number = {1},
        pages = {195-208},
          doi = {10.1111/j.1365-2966.2011.18399.x},
archivePrefix = {arXiv},
       eprint = {1003.4744},
 primaryClass = {astro-ph.CO},
       adsurl = {https://ui.adsabs.harvard.edu/abs/2011MNRAS.414..195T},
      adsnote = {Provided by the SAO/NASA Astrophysics Data System}
}

@ARTICLE{2021MNRAS.507..632P,
       author = {{Paranjape}, Aseem and {Sheth}, Ravi K.},
        title = "{The radial acceleration relation in a {\ensuremath{\Lambda}}CDM universe}",
      journal = {\mnras},
     keywords = {methods: analytical, methods: numerical, galaxies: formation, cosmology: theory, dark matter, Astrophysics - Astrophysics of Galaxies, Astrophysics - Cosmology and Nongalactic Astrophysics},
         year = 2021,
        month = oct,
       volume = {507},
       number = {1},
        pages = {632-650},
          doi = {10.1093/mnras/stab2141},
archivePrefix = {arXiv},
       eprint = {2102.13116},
 primaryClass = {astro-ph.GA},
       adsurl = {https://ui.adsabs.harvard.edu/abs/2021MNRAS.507..632P},
      adsnote = {Provided by the SAO/NASA Astrophysics Data System}
}

@ARTICLE{2015JCAP...12..049S,
       author = {{Schneider}, Aurel and {Teyssier}, Romain},
        title = "{A new method to quantify the effects of baryons on the matter power spectrum}",
      journal = {\jcap},
     keywords = {Astrophysics - Cosmology and Nongalactic Astrophysics},
         year = 2015,
        month = dec,
       volume = {2015},
       number = {12},
          eid = {049},
        pages = {049},
          doi = {10.1088/1475-7516/2015/12/049},
archivePrefix = {arXiv},
       eprint = {1510.06034},
 primaryClass = {astro-ph.CO},
       adsurl = {https://ui.adsabs.harvard.edu/abs/2015JCAP...12..049S},
      adsnote = {Provided by the SAO/NASA Astrophysics Data System}
}

@ARTICLE{2019ComAC...6....2N,
       author = {{Nelson}, Dylan and {Springel}, Volker and {Pillepich}, Annalisa and {Rodriguez-Gomez}, Vicente and {Torrey}, Paul and {Genel}, Shy and {Vogelsberger}, Mark and {Pakmor}, Ruediger and {Marinacci}, Federico and {Weinberger}, Rainer and {Kelley}, Luke and {Lovell}, Mark and {Diemer}, Benedikt and {Hernquist}, Lars},
        title = "{The IllustrisTNG simulations: public data release}",
      journal = {Computational Astrophysics and Cosmology},
     keywords = {Methods: data analysis, Methods: numerical, Galaxies: formation, Galaxies: evolution, Data management systems, Data access methods, Distributed architectures, Astrophysics - Astrophysics of Galaxies, Astrophysics - Cosmology and Nongalactic Astrophysics, Astrophysics - Instrumentation and Methods for Astrophysics},
         year = 2019,
        month = may,
       volume = {6},
       number = {1},
          eid = {2},
        pages = {2},
          doi = {10.1186/s40668-019-0028-x},
archivePrefix = {arXiv},
       eprint = {1812.05609},
 primaryClass = {astro-ph.GA},
       adsurl = {https://ui.adsabs.harvard.edu/abs/2019ComAC...6....2N},
      adsnote = {Provided by the SAO/NASA Astrophysics Data System}
}

@ARTICLE{2017MNRAS.465.3291W,
       author = {{Weinberger}, Rainer and {Springel}, Volker and {Hernquist}, Lars and {Pillepich}, Annalisa and {Marinacci}, Federico and {Pakmor}, R{\"u}diger and {Nelson}, Dylan and {Genel}, Shy and {Vogelsberger}, Mark and {Naiman}, Jill and {Torrey}, Paul},
        title = "{Simulating galaxy formation with black hole driven thermal and kinetic feedback}",
      journal = {\mnras},
     keywords = {black hole physics, methods: numerical, galaxies: clusters: general, galaxies: evolution, galaxies: formation, cosmology: theory, Astrophysics - Astrophysics of Galaxies},
         year = 2017,
        month = mar,
       volume = {465},
       number = {3},
        pages = {3291-3308},
          doi = {10.1093/mnras/stw2944},
archivePrefix = {arXiv},
       eprint = {1607.03486},
 primaryClass = {astro-ph.GA},
       adsurl = {https://ui.adsabs.harvard.edu/abs/2017MNRAS.465.3291W},
      adsnote = {Provided by the SAO/NASA Astrophysics Data System}
}

@ARTICLE{2018MNRAS.473.4077P,
       author = {{Pillepich}, Annalisa and {Springel}, Volker and {Nelson}, Dylan and {Genel}, Shy and {Naiman}, Jill and {Pakmor}, R{\"u}diger and {Hernquist}, Lars and {Torrey}, Paul and {Vogelsberger}, Mark and {Weinberger}, Rainer and {Marinacci}, Federico},
        title = "{Simulating galaxy formation with the IllustrisTNG model}",
      journal = {\mnras},
     keywords = {methods: numerical, galaxies: evolution, galaxies: formation, Astrophysics - Astrophysics of Galaxies, Astrophysics - Cosmology and Nongalactic Astrophysics},
         year = 2018,
        month = jan,
       volume = {473},
       number = {3},
        pages = {4077-4106},
          doi = {10.1093/mnras/stx2656},
archivePrefix = {arXiv},
       eprint = {1703.02970},
 primaryClass = {astro-ph.GA},
       adsurl = {https://ui.adsabs.harvard.edu/abs/2018MNRAS.473.4077P},
      adsnote = {Provided by the SAO/NASA Astrophysics Data System}
}



@ARTICLE{2010MNRAS.407..435A,
       author = {{Abadi}, Mario G. and {Navarro}, Julio F. and {Fardal}, Mark and {Babul}, Arif and {Steinmetz}, Matthias},
        title = "{Galaxy-induced transformation of dark matter haloes}",
      journal = {\mnras},
     keywords = {Galaxy: disc, Galaxy: formation, Galaxy: kinematics and dynamics, Galaxy: structure, Astrophysics - Astrophysics of Galaxies},
         year = 2010,
        month = sep,
       volume = {407},
       number = {1},
        pages = {435-446},
          doi = {10.1111/j.1365-2966.2010.16912.x},
archivePrefix = {arXiv},
       eprint = {0902.2477},
 primaryClass = {astro-ph.GA},
       adsurl = {https://ui.adsabs.harvard.edu/abs/2010MNRAS.407..435A},
      adsnote = {Provided by the SAO/NASA Astrophysics Data System}
}


@ARTICLE{1986ApJ...301...27B,
       author = {{Blumenthal}, G.~R. and {Faber}, S.~M. and {Flores}, R. and {Primack}, J.~R.},
        title = "{Contraction of Dark Matter Galactic Halos Due to Baryonic Infall}",
      journal = {\apj},
     keywords = {Baryons, Galactic Evolution, Galactic Rotation, Galactic Structure, Gravitational Collapse, Missing Mass (Astrophysics), Astronomical Models, Halos, Interstellar Matter, Many Body Problem, Mass Distribution, Spiral Galaxies, Astrophysics, GALAXIES: EVOLUTION, GALAXIES: INTERNAL MOTIONS, GALAXIES: STRUCTURE, INTERSTELLAR: MATTER},
         year = 1986,
        month = feb,
       volume = {301},
        pages = {27},
          doi = {10.1086/163867},
       adsurl = {https://ui.adsabs.harvard.edu/abs/1986ApJ...301...27B},
      adsnote = {Provided by the SAO/NASA Astrophysics Data System}
}


@ARTICLE{1974ApJ...187..425P,
       author = {{Press}, William H. and {Schechter}, Paul},
        title = "{Formation of Galaxies and Clusters of Galaxies by Self-Similar Gravitational Condensation}",
      journal = {\apj},
         year = 1974,
        month = feb,
       volume = {187},
        pages = {425-438},
          doi = {10.1086/152650},
       adsurl = {https://ui.adsabs.harvard.edu/abs/1974ApJ...187..425P},
      adsnote = {Provided by the SAO/NASA Astrophysics Data System}
}


@ARTICLE{2002PhR...372....1C,
       author = {{Cooray}, Asantha and {Sheth}, Ravi},
        title = "{Halo models of large scale structure}",
      journal = {\physrep},
     keywords = {Astrophysics},
         year = 2002,
        month = dec,
       volume = {372},
       number = {1},
        pages = {1-129},
          doi = {10.1016/S0370-1573(02)00276-4},
archivePrefix = {arXiv},
       eprint = {astro-ph/0206508},
 primaryClass = {astro-ph},
       adsurl = {https://ui.adsabs.harvard.edu/abs/2002PhR...372....1C},
      adsnote = {Provided by the SAO/NASA Astrophysics Data System}
}

@MISC{2013ascl.soft11011H,
       author = {{Hahn}, Oliver and {Abel}, Tom},
        title = "{MUSIC: MUlti-Scale Initial Conditions}",
     keywords = {Software},
         year = 2013,
        month = nov,
          eid = {ascl:1311.011},
        pages = {ascl:1311.011},
archivePrefix = {ascl},
       eprint = {1311.011},
       adsurl = {https://ui.adsabs.harvard.edu/abs/2013ascl.soft11011H},
      adsnote = {Provided by the SAO/NASA Astrophysics Data System}
}

@ARTICLE{2001MNRAS.328..726S,
       author = {{Springel}, Volker and {White}, Simon D.~M. and {Tormen}, Giuseppe and {Kauffmann}, Guinevere},
        title = "{Populating a cluster of galaxies - I. Results at [formmu2]z=0}",
      journal = {\mnras},
     keywords = {GALAXIES: CLUSTERS: GENERAL, GALAXIES: FORMATION, DARK MATTER, Astrophysics},
         year = 2001,
        month = dec,
       volume = {328},
       number = {3},
        pages = {726-750},
          doi = {10.1046/j.1365-8711.2001.04912.x},
archivePrefix = {arXiv},
       eprint = {astro-ph/0012055},
 primaryClass = {astro-ph},
       adsurl = {https://ui.adsabs.harvard.edu/abs/2001MNRAS.328..726S},
      adsnote = {Provided by the SAO/NASA Astrophysics Data System}
}

@ARTICLE{2015MNRAS.446..521S,
       author = {{Schaye}, Joop and {Crain}, Robert A. and {Bower}, Richard G. and {Furlong}, Michelle and {Schaller}, Matthieu and {Theuns}, Tom and {Dalla Vecchia}, Claudio and {Frenk}, Carlos S. and {McCarthy}, I.~G. and {Helly}, John C. and {Jenkins}, Adrian and {Rosas-Guevara}, Y.~M. and {White}, Simon D.~M. and {Baes}, Maarten and {Booth}, C.~M. and {Camps}, Peter and {Navarro}, Julio F. and {Qu}, Yan and {Rahmati}, Alireza and {Sawala}, Till and {Thomas}, Peter A. and {Trayford}, James},
        title = "{The EAGLE project: simulating the evolution and assembly of galaxies and their environments}",
      journal = {\mnras},
     keywords = {methods: numerical, galaxies: evolution, galaxies: formation, cosmology: theory, Astrophysics - Astrophysics of Galaxies, Astrophysics - Cosmology and Nongalactic Astrophysics},
         year = 2015,
        month = jan,
       volume = {446},
       number = {1},
        pages = {521-554},
          doi = {10.1093/mnras/stu2058},
archivePrefix = {arXiv},
       eprint = {1407.7040},
 primaryClass = {astro-ph.GA},
       adsurl = {https://ui.adsabs.harvard.edu/abs/2015MNRAS.446..521S},
      adsnote = {Provided by the SAO/NASA Astrophysics Data System}
}

@ARTICLE{2015MNRAS.450.1937C,
       author = {{Crain}, Robert A. and {Schaye}, Joop and {Bower}, Richard G. and {Furlong}, Michelle and {Schaller}, Matthieu and {Theuns}, Tom and {Dalla Vecchia}, Claudio and {Frenk}, Carlos S. and {McCarthy}, Ian G. and {Helly}, John C. and {Jenkins}, Adrian and {Rosas-Guevara}, Yetli M. and {White}, Simon D.~M. and {Trayford}, James W.},
        title = "{The EAGLE simulations of galaxy formation: calibration of subgrid physics and model variations}",
      journal = {\mnras},
     keywords = {galaxies: evolution, galaxies: formation, galaxies: haloes, cosmology: theory, Astrophysics - Astrophysics of Galaxies},
         year = 2015,
        month = jun,
       volume = {450},
       number = {2},
        pages = {1937-1961},
          doi = {10.1093/mnras/stv725},
archivePrefix = {arXiv},
       eprint = {1501.01311},
 primaryClass = {astro-ph.GA},
       adsurl = {https://ui.adsabs.harvard.edu/abs/2015MNRAS.450.1937C},
      adsnote = {Provided by the SAO/NASA Astrophysics Data System}
}

@ARTICLE{2016A&C....15...72M,
       author = {{McAlpine}, S. and {Helly}, J.~C. and {Schaller}, M. and {Trayford}, J.~W. and {Qu}, Y. and {Furlong}, M. and {Bower}, R.~G. and {Crain}, R.~A. and {Schaye}, J. and {Theuns}, T. and {Dalla Vecchia}, C. and {Frenk}, C.~S. and {McCarthy}, I.~G. and {Jenkins}, A. and {Rosas-Guevara}, Y. and {White}, S.~D.~M. and {Baes}, M. and {Camps}, P. and {Lemson}, G.},
        title = "{The EAGLE simulations of galaxy formation: Public release of halo and galaxy catalogues}",
      journal = {Astronomy and Computing},
     keywords = {Cosmology: theory, Galaxies: formation, Galaxies: evolution, Method: numerical, Astrophysics - Astrophysics of Galaxies, Astrophysics - Cosmology and Nongalactic Astrophysics},
         year = 2016,
        month = apr,
       volume = {15},
        pages = {72-89},
          doi = {10.1016/j.ascom.2016.02.004},
archivePrefix = {arXiv},
       eprint = {1510.01320},
 primaryClass = {astro-ph.GA},
       adsurl = {https://ui.adsabs.harvard.edu/abs/2016A&C....15...72M},
      adsnote = {Provided by the SAO/NASA Astrophysics Data System}
}


@ARTICLE{2017arXiv170609899T,
       author = {{The EAGLE team}},
        title = "{The EAGLE simulations of galaxy formation: Public release of particle data}",
      journal = {arXiv e-prints},
     keywords = {Astrophysics - Astrophysics of Galaxies},
         year = 2017,
        month = jun,
          eid = {arXiv:1706.09899},
        pages = {arXiv:1706.09899},
archivePrefix = {arXiv},
       eprint = {1706.09899},
 primaryClass = {astro-ph.GA},
       adsurl = {https://ui.adsabs.harvard.edu/abs/2017arXiv170609899T},
      adsnote = {Provided by the SAO/NASA Astrophysics Data System}
}


@ARTICLE{2020ApJS..248...32W,
       author = {{Weinberger}, Rainer and {Springel}, Volker and {Pakmor}, R{\"u}diger},
        title = "{The AREPO Public Code Release}",
      journal = {\apjs},
     keywords = {Computational methods, Computational astronomy, Magnetohydrodynamics, Astrophysical fluid dynamics, Gravitation, Galaxy formation, Hydrodynamics, Large-scale structure of the universe, 1965, 293, 1964, 101, 661, 595, 767, 902, Astrophysics - Instrumentation and Methods for Astrophysics, Astrophysics - Cosmology and Nongalactic Astrophysics, Astrophysics - Astrophysics of Galaxies, Physics - Computational Physics},
         year = 2020,
        month = jun,
       volume = {248},
       number = {2},
          eid = {32},
        pages = {32},
          doi = {10.3847/1538-4365/ab908c},
archivePrefix = {arXiv},
       eprint = {1909.04667},
 primaryClass = {astro-ph.IM},
       adsurl = {https://ui.adsabs.harvard.edu/abs/2020ApJS..248...32W},
      adsnote = {Provided by the SAO/NASA Astrophysics Data System}
}

@ARTICLE{2010MNRAS.401..791S,
       author = {{Springel}, Volker},
        title = "{E pur si muove: Galilean-invariant cosmological hydrodynamical simulations on a moving mesh}",
      journal = {\mnras},
     keywords = {methods: numerical, galaxies: interactions, cosmology: dark matter, Astrophysics - Cosmology and Nongalactic Astrophysics},
         year = 2010,
        month = jan,
       volume = {401},
       number = {2},
        pages = {791-851},
          doi = {10.1111/j.1365-2966.2009.15715.x},
archivePrefix = {arXiv},
       eprint = {0901.4107},
 primaryClass = {astro-ph.CO},
       adsurl = {https://ui.adsabs.harvard.edu/abs/2010MNRAS.401..791S},
      adsnote = {Provided by the SAO/NASA Astrophysics Data System}
}

@ARTICLE{2010MNRAS.402...21N,
       author = {{Navarro}, Julio F. and {Ludlow}, Aaron and {Springel}, Volker and {Wang}, Jie and {Vogelsberger}, Mark and {White}, Simon D.~M. and {Jenkins}, Adrian and {Frenk}, Carlos S. and {Helmi}, Amina},
        title = "{The diversity and similarity of simulated cold dark matter haloes}",
      journal = {\mnras},
     keywords = {methods: numerical, dark matter, Astrophysics},
         year = 2010,
        month = feb,
       volume = {402},
       number = {1},
        pages = {21-34},
          doi = {10.1111/j.1365-2966.2009.15878.x},
archivePrefix = {arXiv},
       eprint = {0810.1522},
 primaryClass = {astro-ph},
       adsurl = {https://ui.adsabs.harvard.edu/abs/2010MNRAS.402...21N},
      adsnote = {Provided by the SAO/NASA Astrophysics Data System}
}

@ARTICLE{2004ApJ...616...16G,
       author = {{Gnedin}, Oleg Y. and {Kravtsov}, Andrey V. and {Klypin}, Anatoly A. and {Nagai}, Daisuke},
        title = "{Response of Dark Matter Halos to Condensation of Baryons: Cosmological Simulations and Improved Adiabatic Contraction Model}",
      journal = {\apj},
     keywords = {Cosmology: Theory, Cosmology: Dark Matter, Galaxies: Formation, Galaxies: Halos, Methods: Numerical, Astrophysics},
         year = 2004,
        month = nov,
       volume = {616},
       number = {1},
        pages = {16-26},
          doi = {10.1086/424914},
archivePrefix = {arXiv},
       eprint = {astro-ph/0406247},
 primaryClass = {astro-ph},
       adsurl = {https://ui.adsabs.harvard.edu/abs/2004ApJ...616...16G},
      adsnote = {Provided by the SAO/NASA Astrophysics Data System}
}

@ARTICLE{2018MNRAS.480.5113M,
       author = {{Marinacci}, Federico and {Vogelsberger}, Mark and {Pakmor}, R{\"u}diger and {Torrey}, Paul and {Springel}, Volker and {Hernquist}, Lars and {Nelson}, Dylan and {Weinberger}, Rainer and {Pillepich}, Annalisa and {Naiman}, Jill and {Genel}, Shy},
        title = "{First results from the IllustrisTNG simulations: radio haloes and magnetic fields}",
      journal = {\mnras},
     keywords = {magnetic fields, MHD, methods: numerical, galaxies: clusters: general, cosmology: theory, radio continuum: general, Astrophysics - Cosmology and Nongalactic Astrophysics},
         year = 2018,
        month = nov,
       volume = {480},
       number = {4},
        pages = {5113-5139},
          doi = {10.1093/mnras/sty2206},
archivePrefix = {arXiv},
       eprint = {1707.03396},
 primaryClass = {astro-ph.CO},
       adsurl = {https://ui.adsabs.harvard.edu/abs/2018MNRAS.480.5113M},
      adsnote = {Provided by the SAO/NASA Astrophysics Data System}
}

@ARTICLE{2018MNRAS.477.1206N,
       author = {{Naiman}, Jill P. and {Pillepich}, Annalisa and {Springel}, Volker and {Ramirez-Ruiz}, Enrico and {Torrey}, Paul and {Vogelsberger}, Mark and {Pakmor}, R{\"u}diger and {Nelson}, Dylan and {Marinacci}, Federico and {Hernquist}, Lars and {Weinberger}, Rainer and {Genel}, Shy},
        title = "{First results from the IllustrisTNG simulations: a tale of two elements - chemical evolution of magnesium and europium}",
      journal = {\mnras},
     keywords = {methods: numerical, Galaxy: formation, cosmology: theory, Astrophysics - Astrophysics of Galaxies},
         year = 2018,
        month = jun,
       volume = {477},
       number = {1},
        pages = {1206-1224},
          doi = {10.1093/mnras/sty618},
archivePrefix = {arXiv},
       eprint = {1707.03401},
 primaryClass = {astro-ph.GA},
       adsurl = {https://ui.adsabs.harvard.edu/abs/2018MNRAS.477.1206N},
      adsnote = {Provided by the SAO/NASA Astrophysics Data System}
}

@ARTICLE{2018MNRAS.475..676S,
       author = {{Springel}, Volker and {Pakmor}, R{\"u}diger and {Pillepich}, Annalisa and {Weinberger}, Rainer and {Nelson}, Dylan and {Hernquist}, Lars and {Vogelsberger}, Mark and {Genel}, Shy and {Torrey}, Paul and {Marinacci}, Federico and {Naiman}, Jill},
        title = "{First results from the IllustrisTNG simulations: matter and galaxy clustering}",
      journal = {\mnras},
     keywords = {methods: numerical, galaxy formation, large-scale structure of Universe, Astrophysics - Astrophysics of Galaxies, Astrophysics - Cosmology and Nongalactic Astrophysics},
         year = 2018,
        month = mar,
       volume = {475},
       number = {1},
        pages = {676-698},
          doi = {10.1093/mnras/stx3304},
archivePrefix = {arXiv},
       eprint = {1707.03397},
 primaryClass = {astro-ph.GA},
       adsurl = {https://ui.adsabs.harvard.edu/abs/2018MNRAS.475..676S},
      adsnote = {Provided by the SAO/NASA Astrophysics Data System}
}



@ARTICLE{2018MNRAS.475..648P,
       author = {{Pillepich}, Annalisa and {Nelson}, Dylan and {Hernquist}, Lars and {Springel}, Volker and {Pakmor}, R{\"u}diger and {Torrey}, Paul and {Weinberger}, Rainer and {Genel}, Shy and {Naiman}, Jill P. and {Marinacci}, Federico and {Vogelsberger}, Mark},
        title = "{First results from the IllustrisTNG simulations: the stellar mass content of groups and clusters of galaxies}",
      journal = {\mnras},
     keywords = {methods: numerical, galaxies: clusters: general, galaxies: general, galaxies: groups: general, cosmology: theory, Astrophysics - Astrophysics of Galaxies, Astrophysics - Cosmology and Nongalactic Astrophysics},
         year = 2018,
        month = mar,
       volume = {475},
       number = {1},
        pages = {648-675},
          doi = {10.1093/mnras/stx3112},
archivePrefix = {arXiv},
       eprint = {1707.03406},
 primaryClass = {astro-ph.GA},
       adsurl = {https://ui.adsabs.harvard.edu/abs/2018MNRAS.475..648P},
      adsnote = {Provided by the SAO/NASA Astrophysics Data System}
}

@ARTICLE{2018MNRAS.475..624N,
       author = {{Nelson}, Dylan and {Pillepich}, Annalisa and {Springel}, Volker and {Weinberger}, Rainer and {Hernquist}, Lars and {Pakmor}, R{\"u}diger and {Genel}, Shy and {Torrey}, Paul and {Vogelsberger}, Mark and {Kauffmann}, Guinevere and {Marinacci}, Federico and {Naiman}, Jill},
        title = "{First results from the IllustrisTNG simulations: the galaxy colour bimodality}",
      journal = {\mnras},
     keywords = {galaxies: evolution, galaxies: formation, Astrophysics - Astrophysics of Galaxies, Astrophysics - Cosmology and Nongalactic Astrophysics},
         year = 2018,
        month = mar,
       volume = {475},
       number = {1},
        pages = {624-647},
          doi = {10.1093/mnras/stx3040},
archivePrefix = {arXiv},
       eprint = {1707.03395},
 primaryClass = {astro-ph.GA},
       adsurl = {https://ui.adsabs.harvard.edu/abs/2018MNRAS.475..624N},
      adsnote = {Provided by the SAO/NASA Astrophysics Data System}
}



@ARTICLE{2019MNRAS.490.3196P,
       author = {{Pillepich}, Annalisa and {Nelson}, Dylan and {Springel}, Volker and {Pakmor}, R{\"u}diger and {Torrey}, Paul and {Weinberger}, Rainer and {Vogelsberger}, Mark and {Marinacci}, Federico and {Genel}, Shy and {van der Wel}, Arjen and {Hernquist}, Lars},
        title = "{First results from the TNG50 simulation: the evolution of stellar and gaseous discs across cosmic time}",
      journal = {\mnras},
     keywords = {methods: numerical, galaxies: evolution, galaxies: formation, galaxies: kinematics and dynamics, galaxies: star formation, galaxies: structure, Astrophysics - Astrophysics of Galaxies, Astrophysics - Cosmology and Nongalactic Astrophysics},
         year = 2019,
        month = dec,
       volume = {490},
       number = {3},
        pages = {3196-3233},
          doi = {10.1093/mnras/stz2338},
archivePrefix = {arXiv},
       eprint = {1902.05553},
 primaryClass = {astro-ph.GA},
       adsurl = {https://ui.adsabs.harvard.edu/abs/2019MNRAS.490.3196P},
      adsnote = {Provided by the SAO/NASA Astrophysics Data System}
}

@ARTICLE{2019MNRAS.490.3234N,
       author = {{Nelson}, Dylan and {Pillepich}, Annalisa and {Springel}, Volker and {Pakmor}, R{\"u}diger and {Weinberger}, Rainer and {Genel}, Shy and {Torrey}, Paul and {Vogelsberger}, Mark and {Marinacci}, Federico and {Hernquist}, Lars},
        title = "{First results from the TNG50 simulation: galactic outflows driven by supernovae and black hole feedback}",
      journal = {\mnras},
     keywords = {galaxies: evolution, galaxies: formation, Astrophysics - Astrophysics of Galaxies, Astrophysics - Cosmology and Nongalactic Astrophysics, Astrophysics - High Energy Astrophysical Phenomena},
         year = 2019,
        month = dec,
       volume = {490},
       number = {3},
        pages = {3234-3261},
          doi = {10.1093/mnras/stz2306},
archivePrefix = {arXiv},
       eprint = {1902.05554},
 primaryClass = {astro-ph.GA},
       adsurl = {https://ui.adsabs.harvard.edu/abs/2019MNRAS.490.3234N},
      adsnote = {Provided by the SAO/NASA Astrophysics Data System}
}

@ARTICLE{2016A&A...594A..13P,
       author = {{Planck Collaboration} and {Ade}, P.~A.~R. and {Aghanim}, N. and {Arnaud}, M. and {Ashdown}, M. and {Aumont}, J. and {Baccigalupi}, C. and {Banday}, A.~J. and {Barreiro}, R.~B. and {Bartlett}, J.~G. and {Bartolo}, N. and {Battaner}, E. and {Battye}, R. and {Benabed}, K. and {Beno{\^\i}t}, A. and {Benoit-L{\'e}vy}, A. and {Bernard}, J. -P. and {Bersanelli}, M. and {Bielewicz}, P. and {Bock}, J.~J. and {Bonaldi}, A. and {Bonavera}, L. and {Bond}, J.~R. and {Borrill}, J. and {Bouchet}, F.~R. and {Boulanger}, F. and {Bucher}, M. and {Burigana}, C. and {Butler}, R.~C. and {Calabrese}, E. and {Cardoso}, J. -F. and {Catalano}, A. and {Challinor}, A. and {Chamballu}, A. and {Chary}, R. -R. and {Chiang}, H.~C. and {Chluba}, J. and {Christensen}, P.~R. and {Church}, S. and {Clements}, D.~L. and {Colombi}, S. and {Colombo}, L.~P.~L. and {Combet}, C. and {Coulais}, A. and {Crill}, B.~P. and {Curto}, A. and {Cuttaia}, F. and {Danese}, L. and {Davies}, R.~D. and {Davis}, R.~J. and {de Bernardis}, P. and {de Rosa}, A. and {de Zotti}, G. and {Delabrouille}, J. and {D{\'e}sert}, F. -X. and {Di Valentino}, E. and {Dickinson}, C. and {Diego}, J.~M. and {Dolag}, K. and {Dole}, H. and {Donzelli}, S. and {Dor{\'e}}, O. and {Douspis}, M. and {Ducout}, A. and {Dunkley}, J. and {Dupac}, X. and {Efstathiou}, G. and {Elsner}, F. and {En{\ss}lin}, T.~A. and {Eriksen}, H.~K. and {Farhang}, M. and {Fergusson}, J. and {Finelli}, F. and {Forni}, O. and {Frailis}, M. and {Fraisse}, A.~A. and {Franceschi}, E. and {Frejsel}, A. and {Galeotta}, S. and {Galli}, S. and {Ganga}, K. and {Gauthier}, C. and {Gerbino}, M. and {Ghosh}, T. and {Giard}, M. and {Giraud-H{\'e}raud}, Y. and {Giusarma}, E. and {Gjerl{\o}w}, E. and {Gonz{\'a}lez-Nuevo}, J. and {G{\'o}rski}, K.~M. and {Gratton}, S. and {Gregorio}, A. and {Gruppuso}, A. and {Gudmundsson}, J.~E. and {Hamann}, J. and {Hansen}, F.~K. and {Hanson}, D. and {Harrison}, D.~L. and {Helou}, G. and {Henrot-Versill{\'e}}, S. and {Hern{\'a}ndez-Monteagudo}, C. and {Herranz}, D. and {Hildebrandt}, S.~R. and {Hivon}, E. and {Hobson}, M. and {Holmes}, W.~A. and {Hornstrup}, A. and {Hovest}, W. and {Huang}, Z. and {Huffenberger}, K.~M. and {Hurier}, G. and {Jaffe}, A.~H. and {Jaffe}, T.~R. and {Jones}, W.~C. and {Juvela}, M. and {Keih{\"a}nen}, E. and {Keskitalo}, R. and {Kisner}, T.~S. and {Kneissl}, R. and {Knoche}, J. and {Knox}, L. and {Kunz}, M. and {Kurki-Suonio}, H. and {Lagache}, G. and {L{\"a}hteenm{\"a}ki}, A. and {Lamarre}, J. -M. and {Lasenby}, A. and {Lattanzi}, M. and {Lawrence}, C.~R. and {Leahy}, J.~P. and {Leonardi}, R. and {Lesgourgues}, J. and {Levrier}, F. and {Lewis}, A. and {Liguori}, M. and {Lilje}, P.~B. and {Linden-V{\o}rnle}, M. and {L{\'o}pez-Caniego}, M. and {Lubin}, P.~M. and {Mac{\'\i}as-P{\'e}rez}, J.~F. and {Maggio}, G. and {Maino}, D. and {Mandolesi}, N. and {Mangilli}, A. and {Marchini}, A. and {Maris}, M. and {Martin}, P.~G. and {Martinelli}, M. and {Mart{\'\i}nez-Gonz{\'a}lez}, E. and {Masi}, S. and {Matarrese}, S. and {McGehee}, P. and {Meinhold}, P.~R. and {Melchiorri}, A. and {Melin}, J. -B. and {Mendes}, L. and {Mennella}, A. and {Migliaccio}, M. and {Millea}, M. and {Mitra}, S. and {Miville-Desch{\^e}nes}, M. -A. and {Moneti}, A. and {Montier}, L. and {Morgante}, G. and {Mortlock}, D. and {Moss}, A. and {Munshi}, D. and {Murphy}, J.~A. and {Naselsky}, P. and {Nati}, F. and {Natoli}, P. and {Netterfield}, C.~B. and {N{\o}rgaard-Nielsen}, H.~U. and {Noviello}, F. and {Novikov}, D. and {Novikov}, I. and {Oxborrow}, C.~A. and {Paci}, F. and {Pagano}, L. and {Pajot}, F. and {Paladini}, R. and {Paoletti}, D. and {Partridge}, B. and {Pasian}, F. and {Patanchon}, G. and {Pearson}, T.~J. and {Perdereau}, O. and {Perotto}, L. and {Perrotta}, F. and {Pettorino}, V. and {Piacentini}, F. and {Piat}, M. and {Pierpaoli}, E. and {Pietrobon}, D. and {Plaszczynski}, S. and {Pointecouteau}, E. and {Polenta}, G. and {Popa}, L. and {Pratt}, G.~W. and {Pr{\'e}zeau}, G. and {Prunet}, S. and {Puget}, J. -L. and {Rachen}, J.~P. and {Reach}, W.~T. and {Rebolo}, R. and {Reinecke}, M. and {Remazeilles}, M. and {Renault}, C. and {Renzi}, A. and {Ristorcelli}, I. and {Rocha}, G. and {Rosset}, C. and {Rossetti}, M. and {Roudier}, G. and {Rouill{\'e} d'Orfeuil}, B. and {Rowan-Robinson}, M. and {Rubi{\~n}o-Mart{\'\i}n}, J.~A. and {Rusholme}, B. and {Said}, N. and {Salvatelli}, V. and {Salvati}, L. and {Sandri}, M. and {Santos}, D. and {Savelainen}, M. and {Savini}, G. and {Scott}, D. and {Seiffert}, M.~D. and {Serra}, P. and {Shellard}, E.~P.~S. and {Spencer}, L.~D. and {Spinelli}, M. and {Stolyarov}, V. and {Stompor}, R. and {Sudiwala}, R. and {Sunyaev}, R. and {Sutton}, D. and {Suur-Uski}, A. -S. and {Sygnet}, J. -F. and {Tauber}, J.~A. and {Terenzi}, L. and {Toffolatti}, L. and {Tomasi}, M. and {Tristram}, M. and {Trombetti}, T. and {Tucci}, M. and {Tuovinen}, J. and {T{\"u}rler}, M. and {Umana}, G. and {Valenziano}, L. and {Valiviita}, J. and {Van Tent}, F. and {Vielva}, P. and {Villa}, F. and {Wade}, L.~A. and {Wandelt}, B.~D. and {Wehus}, I.~K. and {White}, M. and {White}, S.~D.~M. and {Wilkinson}, A. and {Yvon}, D. and {Zacchei}, A. and {Zonca}, A.},
        title = "{Planck 2015 results. XIII. Cosmological parameters}",
      journal = {\aap},
     keywords = {cosmology: observations, cosmology: theory, cosmic background radiation, cosmological parameters, Astrophysics - Cosmology and Nongalactic Astrophysics},
         year = 2016,
        month = sep,
       volume = {594},
          eid = {A13},
        pages = {A13},
          doi = {10.1051/0004-6361/201525830},
archivePrefix = {arXiv},
       eprint = {1502.01589},
 primaryClass = {astro-ph.CO},
       adsurl = {https://ui.adsabs.harvard.edu/abs/2016A&A...594A..13P},
      adsnote = {Provided by the SAO/NASA Astrophysics Data System}
}


@MISC{2015ascl.soft02003S,
       author = {{Springel}, Volker},
        title = "{N-GenIC: Cosmological structure initial conditions}",
     keywords = {Software, HITS},
         year = 2015,
        month = feb,
          eid = {ascl:1502.003},
        pages = {ascl:1502.003},
archivePrefix = {ascl},
       eprint = {1502.003},
       adsurl = {https://ui.adsabs.harvard.edu/abs/2015ascl.soft02003S},
      adsnote = {Provided by the SAO/NASA Astrophysics Data System}
}

@ARTICLE{2010MNRAS.403.1859J,
       author = {{Jenkins}, Adrian},
        title = "{Second-order Lagrangian perturbation theory initial conditions for resimulations}",
      journal = {\mnras},
     keywords = {methods: N-body simulations, cosmology: theory, Astrophysics - Cosmology and Nongalactic Astrophysics, Astrophysics - Astrophysics of Galaxies},
         year = 2010,
        month = apr,
       volume = {403},
       number = {4},
        pages = {1859-1872},
          doi = {10.1111/j.1365-2966.2010.16259.x},
archivePrefix = {arXiv},
       eprint = {0910.0258},
 primaryClass = {astro-ph.CO},
       adsurl = {https://ui.adsabs.harvard.edu/abs/2010MNRAS.403.1859J},
      adsnote = {Provided by the SAO/NASA Astrophysics Data System}
}

@ARTICLE{2019ApJ...871..168D,
       author = {{Diemer}, Benedikt and {Joyce}, Michael},
        title = "{An Accurate Physical Model for Halo Concentrations}",
      journal = {\apj},
     keywords = {cosmology: theory, dark matter, methods: numerical, Astrophysics - Cosmology and Nongalactic Astrophysics},
         year = 2019,
        month = feb,
       volume = {871},
       number = {2},
          eid = {168},
        pages = {168},
          doi = {10.3847/1538-4357/aafad6},
archivePrefix = {arXiv},
       eprint = {1809.07326},
 primaryClass = {astro-ph.CO},
       adsurl = {https://ui.adsabs.harvard.edu/abs/2019ApJ...871..168D},
      adsnote = {Provided by the SAO/NASA Astrophysics Data System}
}

@ARTICLE{2021arXiv211200026P,
       author = {{Paranjape}, Aseem and {Sheth}, Ravi K.},
        title = "{The external field effect in cold dark matter models}",
      journal = {arXiv e-prints},
     keywords = {Astrophysics - Cosmology and Nongalactic Astrophysics, Astrophysics - Astrophysics of Galaxies},
         year = 2021,
        month = nov,
          eid = {arXiv:2112.00026},
        pages = {arXiv:2112.00026},
archivePrefix = {arXiv},
       eprint = {2112.00026},
 primaryClass = {astro-ph.CO},
       adsurl = {https://ui.adsabs.harvard.edu/abs/2021arXiv211200026P},
      adsnote = {Provided by the SAO/NASA Astrophysics Data System}
}

@ARTICLE{2018ApJS..239...35D,
       author = {{Diemer}, Benedikt},
        title = "{COLOSSUS: A Python Toolkit for Cosmology, Large-scale Structure, and Dark Matter Halos}",
      journal = {\apjs},
     keywords = {cosmology: theory, methods: numerical, Astrophysics - Cosmology and Nongalactic Astrophysics, Astrophysics - Instrumentation and Methods for Astrophysics},
         year = 2018,
        month = dec,
       volume = {239},
       number = {2},
          eid = {35},
        pages = {35},
          doi = {10.3847/1538-4365/aaee8c},
archivePrefix = {arXiv},
       eprint = {1712.04512},
 primaryClass = {astro-ph.CO},
       adsurl = {https://ui.adsabs.harvard.edu/abs/2018ApJS..239...35D},
      adsnote = {Provided by the SAO/NASA Astrophysics Data System}
}

@ARTICLE{2007MNRAS.377L..74L,
       author = {{Liddle}, Andrew R.},
        title = "{Information criteria for astrophysical model selection}",
      journal = {\mnras},
     keywords = {methods: data analysis, methods: statistical, cosmology: theory, Astrophysics},
         year = 2007,
        month = may,
       volume = {377},
       number = {1},
        pages = {L74-L78},
          doi = {10.1111/j.1745-3933.2007.00306.x},
archivePrefix = {arXiv},
       eprint = {astro-ph/0701113},
 primaryClass = {astro-ph},
       adsurl = {https://ui.adsabs.harvard.edu/abs/2007MNRAS.377L..74L},
      adsnote = {Provided by the SAO/NASA Astrophysics Data System}
}

@ARTICLE{2005MNRAS.364.1105S,
       author = {{Springel}, Volker},
        title = "{The cosmological simulation code GADGET-2}",
      journal = {\mnras},
     keywords = {methods: numerical, galaxies: interactions, dark matter, Astrophysics},
         year = 2005,
        month = dec,
       volume = {364},
       number = {4},
        pages = {1105-1134},
          doi = {10.1111/j.1365-2966.2005.09655.x},
archivePrefix = {arXiv},
       eprint = {astro-ph/0505010},
 primaryClass = {astro-ph},
       adsurl = {https://ui.adsabs.harvard.edu/abs/2005MNRAS.364.1105S},
      adsnote = {Provided by the SAO/NASA Astrophysics Data System}
}

@ARTICLE{2017MNRAS.466.3876Z,
       author = {{Zhu}, Qirong and {Hernquist}, Lars and {Marinacci}, Federico and {Springel}, Volker and {Li}, Yuexing},
        title = "{Baryonic impact on the dark matter orbital properties of Milky Way-sized haloes}",
      journal = {\mnras},
     keywords = {methods: numerical, galaxies: evolution, galaxies: formation, dark matter, Astrophysics - Astrophysics of Galaxies, Astrophysics - Cosmology and Nongalactic Astrophysics},
         year = 2017,
        month = apr,
       volume = {466},
       number = {4},
        pages = {3876-3886},
          doi = {10.1093/mnras/stw3387},
archivePrefix = {arXiv},
       eprint = {1701.05933},
 primaryClass = {astro-ph.GA},
       adsurl = {https://ui.adsabs.harvard.edu/abs/2017MNRAS.466.3876Z},
      adsnote = {Provided by the SAO/NASA Astrophysics Data System}
}

@ARTICLE{2017MNRAS.472.4343C,
       author = {{Chua}, Kun Ting Eddie and {Pillepich}, Annalisa and {Rodriguez-Gomez}, Vicente and {Vogelsberger}, Mark and {Bird}, Simeon and {Hernquist}, Lars},
        title = "{Subhalo demographics in the Illustris simulation: effects of baryons and halo-to-halo variation}",
      journal = {\mnras},
     keywords = {methods: numerical, methods: statistical, galaxies: haloes, Astrophysics - Astrophysics of Galaxies},
         year = 2017,
        month = dec,
       volume = {472},
       number = {4},
        pages = {4343-4360},
          doi = {10.1093/mnras/stx2238},
archivePrefix = {arXiv},
       eprint = {1611.07991},
 primaryClass = {astro-ph.GA},
       adsurl = {https://ui.adsabs.harvard.edu/abs/2017MNRAS.472.4343C},
      adsnote = {Provided by the SAO/NASA Astrophysics Data System}
}

@ARTICLE{2019MNRAS.484..476C,
       author = {{Chua}, Kun Ting Eddie and {Pillepich}, Annalisa and {Vogelsberger}, Mark and {Hernquist}, Lars},
        title = "{Shape of dark matter haloes in the Illustris simulation: effects of baryons}",
      journal = {\mnras},
     keywords = {methods: numerical, methods: statistical, galaxies: haloes, galaxies: formation, dark matter, Astrophysics - Astrophysics of Galaxies},
         year = 2019,
        month = mar,
       volume = {484},
       number = {1},
        pages = {476-493},
          doi = {10.1093/mnras/sty3531},
archivePrefix = {arXiv},
       eprint = {1809.07255},
 primaryClass = {astro-ph.GA},
       adsurl = {https://ui.adsabs.harvard.edu/abs/2019MNRAS.484..476C},
      adsnote = {Provided by the SAO/NASA Astrophysics Data System}
}

@ARTICLE{2021arXiv210900012C,
       author = {{Chua}, Kun Ting Eddie and {Vogelsberger}, Mark and {Pillepich}, Annalisa and {Hernquist}, Lars},
        title = "{The impact of galactic feedback on the shapes of dark-matter haloes}",
      journal = {arXiv e-prints},
     keywords = {Astrophysics - Astrophysics of Galaxies},
         year = 2021,
        month = aug,
          eid = {arXiv:2109.00012},
        pages = {arXiv:2109.00012},
archivePrefix = {arXiv},
       eprint = {2109.00012},
 primaryClass = {astro-ph.GA},
       adsurl = {https://ui.adsabs.harvard.edu/abs/2021arXiv210900012C},
      adsnote = {Provided by the SAO/NASA Astrophysics Data System}
}

@ARTICLE{2021MNRAS.501.5679C,
       author = {{Cataldi}, P. and {Pedrosa}, S.~E. and {Tissera}, P.~B. and {Artale}, M.~C.},
        title = "{Baryons shaping dark matter haloes}",
      journal = {\mnras},
     keywords = {galaxies: disc, galaxies: formation, galaxies: haloes, dark matter, Astrophysics - Astrophysics of Galaxies, Astrophysics - Cosmology and Nongalactic Astrophysics},
         year = 2021,
        month = mar,
       volume = {501},
       number = {4},
        pages = {5679-5691},
          doi = {10.1093/mnras/staa3988},
archivePrefix = {arXiv},
       eprint = {2008.02404},
 primaryClass = {astro-ph.GA},
       adsurl = {https://ui.adsabs.harvard.edu/abs/2021MNRAS.501.5679C},
      adsnote = {Provided by the SAO/NASA Astrophysics Data System}
}

@ARTICLE{1996ApJ...462..563N,
       author = {{Navarro}, Julio F. and {Frenk}, Carlos S. and {White}, Simon D.~M.},
        title = "{The Structure of Cold Dark Matter Halos}",
      journal = {\apj},
     keywords = {COSMOLOGY: THEORY, COSMOLOGY: DARK MATTER, GALAXIES: HALOS, METHODS: NUMERICAL, Astrophysics},
         year = 1996,
        month = may,
       volume = {462},
        pages = {563},
          doi = {10.1086/177173},
archivePrefix = {arXiv},
       eprint = {astro-ph/9508025},
 primaryClass = {astro-ph},
       adsurl = {https://ui.adsabs.harvard.edu/abs/1996ApJ...462..563N},
      adsnote = {Provided by the SAO/NASA Astrophysics Data System}
}

@ARTICLE{1997ApJ...490..493N,
       author = {{Navarro}, Julio F. and {Frenk}, Carlos S. and {White}, Simon D.~M.},
        title = "{A Universal Density Profile from Hierarchical Clustering}",
      journal = {\apj},
     keywords = {Cosmology: Theory, Cosmology: Dark Matter, Galaxies: Halos, Methods: Numerical, Astrophysics},
         year = 1997,
        month = dec,
       volume = {490},
       number = {2},
        pages = {493-508},
          doi = {10.1086/304888},
archivePrefix = {arXiv},
       eprint = {astro-ph/9611107},
 primaryClass = {astro-ph},
       adsurl = {https://ui.adsabs.harvard.edu/abs/1997ApJ...490..493N},
      adsnote = {Provided by the SAO/NASA Astrophysics Data System}
}

@ARTICLE{1984MNRAS.211..753B,
       author = {{Barnes}, J. and {White}, S.~D.~M.},
        title = "{The response of a spheroid to a disc field or were bulges ever ellipticals?}",
      journal = {\mnras},
     keywords = {Astronomical Models, Galactic Evolution, Galactic Structure, Many Body Problem, Accretion Disks, Disk Galaxies, Elliptical Galaxies, Spheroids, Astronomy},
         year = 1984,
        month = dec,
       volume = {211},
        pages = {753-765},
          doi = {10.1093/mnras/211.4.753},
       adsurl = {https://ui.adsabs.harvard.edu/abs/1984MNRAS.211..753B},
      adsnote = {Provided by the SAO/NASA Astrophysics Data System}
}


@ARTICLE{1994ApJ...431..617D,
       author = {{Dubinski}, John},
        title = "{The Effect of Dissipation on the Shapes of Dark Halos}",
      journal = {\apj},
     keywords = {Dark Matter, Dissipation, Elliptical Galaxies, Galactic Evolution, Galactic Halos, Galactic Mass, Galactic Structure, Luminosity, Computerized Simulation, Cosmology, Galactic Rotation, Hydrodynamics, Kinematics, Many Body Problem, Mass Distribution, Astrophysics, GALAXIES: ELLIPTICAL AND LENTICULAR, CD, GALAXIES: KINEMATICS AND DYNAMICS, GALAXIES: STRUCTURE, HYDRODYNAMICS, METHODS: NUMERICAL, Astrophysics},
         year = 1994,
        month = aug,
       volume = {431},
        pages = {617},
          doi = {10.1086/174512},
archivePrefix = {arXiv},
       eprint = {astro-ph/9309001},
 primaryClass = {astro-ph},
       adsurl = {https://ui.adsabs.harvard.edu/abs/1994ApJ...431..617D},
      adsnote = {Provided by the SAO/NASA Astrophysics Data System}
}

@ARTICLE{2004ApJ...611L..73K,
       author = {{Kazantzidis}, Stelios and {Kravtsov}, Andrey V. and {Zentner}, Andrew R. and {Allgood}, Brandon and {Nagai}, Daisuke and {Moore}, Ben},
        title = "{The Effect of Gas Cooling on the Shapes of Dark Matter Halos}",
      journal = {\apjl},
     keywords = {Cosmology: Theory, Cosmology: Dark Matter, Galaxies: Halos, Methods: Numerical, Astrophysics},
         year = 2004,
        month = aug,
       volume = {611},
       number = {2},
        pages = {L73-L76},
          doi = {10.1086/423992},
archivePrefix = {arXiv},
       eprint = {astro-ph/0405189},
 primaryClass = {astro-ph},
       adsurl = {https://ui.adsabs.harvard.edu/abs/2004ApJ...611L..73K},
      adsnote = {Provided by the SAO/NASA Astrophysics Data System}
}

@ARTICLE{2012MNRAS.422.3081M,
       author = {{Martizzi}, Davide and {Teyssier}, Romain and {Moore}, Ben and {Wentz}, Tina},
        title = "{The effects of baryon physics, black holes and active galactic nucleus feedback on the mass distribution in clusters of galaxies}",
      journal = {\mnras},
     keywords = {black hole physics, methods: numerical, galaxies: clusters: general, galaxies: formation, cosmology: theory, large-scale structure of Universe, Astrophysics - Cosmology and Extragalactic Astrophysics, Astrophysics - Galaxy Astrophysics},
         year = 2012,
        month = jun,
       volume = {422},
       number = {4},
        pages = {3081-3091},
          doi = {10.1111/j.1365-2966.2012.20879.x},
archivePrefix = {arXiv},
       eprint = {1112.2752},
 primaryClass = {astro-ph.CO},
       adsurl = {https://ui.adsabs.harvard.edu/abs/2012MNRAS.422.3081M},
      adsnote = {Provided by the SAO/NASA Astrophysics Data System}
}

@ARTICLE{2012MNRAS.421.3464P,
       author = {{Pontzen}, Andrew and {Governato}, Fabio},
        title = "{How supernova feedback turns dark matter cusps into cores}",
      journal = {\mnras},
     keywords = {galaxies: dwarf, dark matter, Astrophysics - Cosmology and Nongalactic Astrophysics, Astrophysics - Astrophysics of Galaxies},
         year = 2012,
        month = apr,
       volume = {421},
       number = {4},
        pages = {3464-3471},
          doi = {10.1111/j.1365-2966.2012.20571.x},
archivePrefix = {arXiv},
       eprint = {1106.0499},
 primaryClass = {astro-ph.CO},
       adsurl = {https://ui.adsabs.harvard.edu/abs/2012MNRAS.421.3464P},
      adsnote = {Provided by the SAO/NASA Astrophysics Data System}
}

@ARTICLE{2011ApJ...736L...2O,
       author = {{Ogiya}, Go and {Mori}, Masao},
        title = "{The Core-Cusp Problem in Cold Dark Matter Halos and Supernova Feedback: Effects of Mass Loss}",
      journal = {\apjl},
     keywords = {galaxies: dwarf, galaxies: evolution, galaxies: halos, galaxies: kinematics and dynamics, galaxies: structure, Astrophysics - Cosmology and Nongalactic Astrophysics, Astrophysics - Astrophysics of Galaxies},
         year = 2011,
        month = jul,
       volume = {736},
       number = {1},
          eid = {L2},
        pages = {L2},
          doi = {10.1088/2041-8205/736/1/L2},
archivePrefix = {arXiv},
       eprint = {1106.2864},
 primaryClass = {astro-ph.CO},
       adsurl = {https://ui.adsabs.harvard.edu/abs/2011ApJ...736L...2O},
      adsnote = {Provided by the SAO/NASA Astrophysics Data System}
}


@ARTICLE{2014ApJ...793...46O,
       author = {{Ogiya}, Go and {Mori}, Masao},
        title = "{The Core-Cusp Problem in Cold Dark Matter Halos and Supernova Feedback: Effects of Oscillation}",
      journal = {\apj},
     keywords = {galaxies: dwarf, galaxies: evolution, galaxies: halos, galaxies: kinematics and dynamics, galaxies: structure, Astrophysics - Cosmology and Nongalactic Astrophysics, Astrophysics - Astrophysics of Galaxies},
         year = 2014,
        month = sep,
       volume = {793},
       number = {1},
          eid = {46},
        pages = {46},
          doi = {10.1088/0004-637X/793/1/46},
archivePrefix = {arXiv},
       eprint = {1206.5412},
 primaryClass = {astro-ph.CO},
       adsurl = {https://ui.adsabs.harvard.edu/abs/2014ApJ...793...46O},
      adsnote = {Provided by the SAO/NASA Astrophysics Data System}
}


@ARTICLE{2006ApJ...652...71W,
       author = {{Wechsler}, Risa H. and {Zentner}, Andrew R. and {Bullock}, James S. and {Kravtsov}, Andrey V. and {Allgood}, Brandon},
        title = "{The Dependence of Halo Clustering on Halo Formation History, Concentration, and Occupation}",
      journal = {\apj},
     keywords = {Cosmology: Theory, Cosmology: Dark Matter, Galaxies: Formation, Galaxies: Halos, Cosmology: Large-Scale Structure of Universe, Methods: Numerical, Astrophysics},
         year = 2006,
        month = nov,
       volume = {652},
       number = {1},
        pages = {71-84},
          doi = {10.1086/507120},
archivePrefix = {arXiv},
       eprint = {astro-ph/0512416},
 primaryClass = {astro-ph},
       adsurl = {https://ui.adsabs.harvard.edu/abs/2006ApJ...652...71W},
      adsnote = {Provided by the SAO/NASA Astrophysics Data System}
}

@ARTICLE{2017MNRAS.468.2984P,
       author = {{Paranjape}, Aseem and {Padmanabhan}, Nikhil},
        title = "{Halo assembly bias from Separate Universe simulations}",
      journal = {\mnras},
     keywords = {methods: analytical, methods: numerical, cosmology: theory, dark matter, large-scale structure of Universe, Astrophysics - Cosmology and Nongalactic Astrophysics, Astrophysics - Astrophysics of Galaxies},
         year = 2017,
        month = jul,
       volume = {468},
       number = {3},
        pages = {2984-2999},
          doi = {10.1093/mnras/stx659},
archivePrefix = {arXiv},
       eprint = {1612.02833},
 primaryClass = {astro-ph.CO},
       adsurl = {https://ui.adsabs.harvard.edu/abs/2017MNRAS.468.2984P},
      adsnote = {Provided by the SAO/NASA Astrophysics Data System}
}

@ARTICLE{2015ApJ...799..108D,
       author = {{Diemer}, Benedikt and {Kravtsov}, Andrey V.},
        title = "{A Universal Model for Halo Concentrations}",
      journal = {\apj},
     keywords = {cosmology: theory, dark matter, methods: numerical, Astrophysics - Cosmology and Nongalactic Astrophysics},
         year = 2015,
        month = jan,
       volume = {799},
       number = {1},
          eid = {108},
        pages = {108},
          doi = {10.1088/0004-637X/799/1/108},
archivePrefix = {arXiv},
       eprint = {1407.4730},
 primaryClass = {astro-ph.CO},
       adsurl = {https://ui.adsabs.harvard.edu/abs/2015ApJ...799..108D},
      adsnote = {Provided by the SAO/NASA Astrophysics Data System}
}


@ARTICLE{2022MNRAS.511.3910F,
       author = {{Forouhar Moreno}, Victor J. and {Ben{\'\i}tez-Llambay}, Alejandro and {Cole}, Shaun and {Frenk}, Carlos},
        title = "{Baryon-driven decontraction in Milky Way-mass haloes}",
      journal = {\mnras},
     keywords = {dark matter, galaxies: bar, galaxies: evolution, Astrophysics - Astrophysics of Galaxies},
         year = 2022,
        month = apr,
       volume = {511},
       number = {3},
        pages = {3910-3921},
          doi = {10.1093/mnras/stac312},
archivePrefix = {arXiv},
       eprint = {2107.14245},
 primaryClass = {astro-ph.GA},
       adsurl = {https://ui.adsabs.harvard.edu/abs/2022MNRAS.511.3910F},
      adsnote = {Provided by the SAO/NASA Astrophysics Data System}
}

@ARTICLE{1987ApJ...318...15R,
       author = {{Ryden}, Barbara S. and {Gunn}, James E.},
        title = "{Galaxy Formation by Gravitational Collapse}",
      journal = {\apj},
     keywords = {Computational Astrophysics, Dark Matter, Galactic Evolution, Gravitational Collapse, Universe, Angular Momentum, Equations Of Motion, Velocity Distribution, Astrophysics, COSMOLOGY, EARLY UNIVERSE, GALAXIES: FORMATION, GALAXIES: INTERNAL MOTIONS},
         year = 1987,
        month = jul,
       volume = {318},
        pages = {15},
          doi = {10.1086/165349},
       adsurl = {https://ui.adsabs.harvard.edu/abs/1987ApJ...318...15R},
      adsnote = {Provided by the SAO/NASA Astrophysics Data System}
}

@ARTICLE{osti6457593,
author = {{Zel'dovich}, Y B and {Klypin}, A A and Khlopov, M Y and Chechetkin, V M},
title = {Astrophysical bounds on the mass of heavy stable neutral leptons},
abstractNote = {Analytical and numerical calculations show that heavy neutral stable leptons are carried along by the collapsing matter during the formation of galaxies and possibly stars as well. The condensation in galaxies and stars results in appreciable annihilation of leptons and antileptons. Modern observations of cosmic-ray and g-ray fluxes establish a limit m/sub n/> or approx. =100 GeV for the mass of neutral leptons, since annihilation of neutral leptons produces g rays and cosmic rays. The obtained bound, in conjunction with ones established earlier, precludes the existence of stable neutral leptons (neutrinos) with m/sub n/>30 eV.},
url = {https://www.osti.gov/biblio/6457593}, journal = {Sov. J. Nucl. Phys. (Engl. Transl.); (United States)},
volume = 31,
year = 1980,
month = {5}
}

@ARTICLE{2020MNRAS.495...12C,
       author = {{Callingham}, Thomas M. and {Cautun}, Marius and {Deason}, Alis J. and {Frenk}, Carlos S. and {Grand}, Robert J.~J. and {Marinacci}, Federico and {Pakmor}, Ruediger},
        title = "{The orbital phase space of contracted dark matter haloes}",
      journal = {\mnras},
     keywords = {Galaxy: halo, Galaxy: kinematics and dynamics, Galaxy: structure, galaxies: haloes, galaxies: kinematics and dynamics, Astrophysics - Astrophysics of Galaxies},
         year = 2020,
        month = jun,
       volume = {495},
       number = {1},
        pages = {12-28},
          doi = {10.1093/mnras/staa1089},
archivePrefix = {arXiv},
       eprint = {2001.07742},
 primaryClass = {astro-ph.GA},
       adsurl = {https://ui.adsabs.harvard.edu/abs/2020MNRAS.495...12C},
      adsnote = {Provided by the SAO/NASA Astrophysics Data System}
}

@ARTICLE{2020MNRAS.494.4291C,
       author = {{Cautun}, Marius and {Ben{\'\i}tez-Llambay}, Alejandro and {Deason}, Alis J. and {Frenk}, Carlos S. and {Fattahi}, Azadeh and {G{\'o}mez}, Facundo A. and {Grand}, Robert J.~J. and {Oman}, Kyle A. and {Navarro}, Julio F. and {Simpson}, Christine M.},
        title = "{The milky way total mass profile as inferred from Gaia DR2}",
      journal = {\mnras},
     keywords = {Galaxy: fundamental parameters, Galaxy: halo, Galaxy: kinematics and dynamics, Galaxy: structure, galaxies: haloes, Astrophysics - Astrophysics of Galaxies},
         year = 2020,
        month = may,
       volume = {494},
       number = {3},
        pages = {4291-4313},
          doi = {10.1093/mnras/staa1017},
archivePrefix = {arXiv},
       eprint = {1911.04557},
 primaryClass = {astro-ph.GA},
       adsurl = {https://ui.adsabs.harvard.edu/abs/2020MNRAS.494.4291C},
      adsnote = {Provided by the SAO/NASA Astrophysics Data System}
}

@ARTICLE{2016MNRAS.461.2658D,
       author = {{Dutton}, Aaron A. and {Macci{\`o}}, Andrea V. and {Dekel}, Avishai and {Wang}, Liang and {Stinson}, Gregory and {Obreja}, Aura and {Di Cintio}, Arianna and {Brook}, Chris and {Buck}, Tobias and {Kang}, Xi},
        title = "{NIHAO IX: the role of gas inflows and outflows in driving the contraction and expansion of cold dark matter haloes}",
      journal = {\mnras},
     keywords = {methods: numerical, galaxies: formation, galaxies: haloes, galaxies: structure, cosmology: theory, dark matter, Astrophysics - Astrophysics of Galaxies},
         year = 2016,
        month = sep,
       volume = {461},
       number = {3},
        pages = {2658-2675},
          doi = {10.1093/mnras/stw1537},
archivePrefix = {arXiv},
       eprint = {1605.05323},
 primaryClass = {astro-ph.GA},
       adsurl = {https://ui.adsabs.harvard.edu/abs/2016MNRAS.461.2658D},
      adsnote = {Provided by the SAO/NASA Astrophysics Data System}
}

@ARTICLE{2006PhRvD..74l3522G,
       author = {{Gustafsson}, Michael and {Fairbairn}, Malcolm and {Sommer-Larsen}, Jesper},
        title = "{Baryonic pinching of galactic dark matter halos}",
      journal = {\prd},
     keywords = {95.35.+d, 98.62.Gq, 95.10.Ce, 95.30.Lz, Dark matter, Galactic halos, Celestial mechanics, Hydrodynamics, Astrophysics},
         year = 2006,
        month = dec,
       volume = {74},
       number = {12},
          eid = {123522},
        pages = {123522},
          doi = {10.1103/PhysRevD.74.123522},
archivePrefix = {arXiv},
       eprint = {astro-ph/0608634},
 primaryClass = {astro-ph},
       adsurl = {https://ui.adsabs.harvard.edu/abs/2006PhRvD..74l3522G},
      adsnote = {Provided by the SAO/NASA Astrophysics Data System}
}

@ARTICLE{2010MNRAS.405.2161D,
       author = {{Duffy}, Alan R. and {Schaye}, Joop and {Kay}, Scott T. and {Dalla Vecchia}, Claudio and {Battye}, Richard A. and {Booth}, C.~M.},
        title = "{Impact of baryon physics on dark matter structures: a detailed simulation study of halo density profiles}",
      journal = {\mnras},
     keywords = {hydrodynamics, gravitation, methods: numerical, galaxies: haloes, galaxies: structure, dark matter, Astrophysics - Cosmology and Extragalactic Astrophysics, Astrophysics - Galaxy Astrophysics},
         year = 2010,
        month = jul,
       volume = {405},
       number = {4},
        pages = {2161-2178},
          doi = {10.1111/j.1365-2966.2010.16613.x},
archivePrefix = {arXiv},
       eprint = {1001.3447},
 primaryClass = {astro-ph.CO},
       adsurl = {https://ui.adsabs.harvard.edu/abs/2010MNRAS.405.2161D},
      adsnote = {Provided by the SAO/NASA Astrophysics Data System}
}

@ARTICLE{2016MNRAS.455.4442S,
       author = {{Schaller}, Matthieu and {Frenk}, Carlos S. and {Theuns}, Tom and {Calore}, Francesca and {Bertone}, Gianfranco and {Bozorgnia}, Nassim and {Crain}, Robert A. and {Fattahi}, Azadeh and {Navarro}, Julio F. and {Sawala}, Till and {Schaye}, Joop},
        title = "{Dark matter annihilation radiation in hydrodynamic simulations of Milky Way haloes}",
      journal = {\mnras},
     keywords = {methods: numerical, Galaxy: centre, cosmology: theory, dark matter, gamma-rays: galaxies, Astrophysics - Cosmology and Nongalactic Astrophysics, Astrophysics - Astrophysics of Galaxies, High Energy Physics - Phenomenology},
         year = 2016,
        month = feb,
       volume = {455},
       number = {4},
        pages = {4442-4451},
          doi = {10.1093/mnras/stv2667},
archivePrefix = {arXiv},
       eprint = {1509.02166},
 primaryClass = {astro-ph.CO},
       adsurl = {https://ui.adsabs.harvard.edu/abs/2016MNRAS.455.4442S},
      adsnote = {Provided by the SAO/NASA Astrophysics Data System}
}

@ARTICLE{2010MNRAS.402..776P,
       author = {{Pedrosa}, Susana and {Tissera}, Patricia B. and {Scannapieco}, Cecilia},
        title = "{The joint evolution of baryons and dark matter haloes}",
      journal = {\mnras},
     keywords = {galaxies: haloes, galaxies: structure, dark matter, Astrophysics - Cosmology and Nongalactic Astrophysics, Astrophysics - Astrophysics of Galaxies},
         year = 2010,
        month = feb,
       volume = {402},
       number = {2},
        pages = {776-788},
          doi = {10.1111/j.1365-2966.2009.15951.x},
archivePrefix = {arXiv},
       eprint = {0910.4380},
 primaryClass = {astro-ph.CO},
       adsurl = {https://ui.adsabs.harvard.edu/abs/2010MNRAS.402..776P},
      adsnote = {Provided by the SAO/NASA Astrophysics Data System}
}

@ARTICLE{2010MNRAS.406..922T,
       author = {{Tissera}, Patricia B. and {White}, Simon D.~M. and {Pedrosa}, Susana and {Scannapieco}, Cecilia},
        title = "{Dark matter response to galaxy formation}",
      journal = {\mnras},
     keywords = {galaxies: evolution, galaxies: formation, galaxies: haloes, Astrophysics - Cosmology and Nongalactic Astrophysics, Astrophysics - Astrophysics of Galaxies},
         year = 2010,
        month = aug,
       volume = {406},
       number = {2},
        pages = {922-935},
          doi = {10.1111/j.1365-2966.2010.16777.x},
archivePrefix = {arXiv},
       eprint = {0911.2316},
 primaryClass = {astro-ph.CO},
       adsurl = {https://ui.adsabs.harvard.edu/abs/2010MNRAS.406..922T},
      adsnote = {Provided by the SAO/NASA Astrophysics Data System}
}



@ARTICLE{2019A&A...622A.197A,
       author = {{Artale}, Mar{\'\i}a Celeste and {Pedrosa}, Susana E. and {Tissera}, Patricia B. and {Cataldi}, Pedro and {Di Cintio}, Arianna},
        title = "{Dark matter response to galaxy assembly history}",
      journal = {\aap},
     keywords = {galaxies: halos, Galaxy: evolution, Galaxy: formation, Astrophysics - Cosmology and Nongalactic Astrophysics, Astrophysics - Astrophysics of Galaxies},
         year = 2019,
        month = feb,
       volume = {622},
          eid = {A197},
        pages = {A197},
          doi = {10.1051/0004-6361/201834096},
archivePrefix = {arXiv},
       eprint = {1901.02269},
 primaryClass = {astro-ph.CO},
       adsurl = {https://ui.adsabs.harvard.edu/abs/2019A&A...622A.197A},
      adsnote = {Provided by the SAO/NASA Astrophysics Data System}
}

@ARTICLE{1980ApJ...242.1232Y,
       author = {{Young}, P.},
        title = "{Numerical models of star clusters with a central black hole. I - Adiabatic models.}",
      journal = {\apj},
     keywords = {Astronomical Models, Black Holes (Astronomy), Galactic Nuclei, Star Clusters, Computer Programs, Computerized Simulation, Distribution Functions, Star Distribution, Astrophysics},
         year = 1980,
        month = dec,
       volume = {242},
        pages = {1232-1237},
          doi = {10.1086/158553},
       adsurl = {https://ui.adsabs.harvard.edu/abs/1980ApJ...242.1232Y},
      adsnote = {Provided by the SAO/NASA Astrophysics Data System}
}


@ARTICLE{2005ApJ...634...70S,
       author = {{Sellwood}, J.~A. and {McGaugh}, Stacy S.},
        title = "{The Compression of Dark Matter Halos by Baryonic Infall}",
      journal = {\apj},
     keywords = {Cosmology: Dark Matter, Galaxies: Formation, Galaxies: Halos, Galaxies: Kinematics and Dynamics, Astrophysics},
         year = 2005,
        month = nov,
       volume = {634},
       number = {1},
        pages = {70-76},
          doi = {10.1086/491731},
archivePrefix = {arXiv},
       eprint = {astro-ph/0507589},
 primaryClass = {astro-ph},
       adsurl = {https://ui.adsabs.harvard.edu/abs/2005ApJ...634...70S},
      adsnote = {Provided by the SAO/NASA Astrophysics Data System}
}


@ARTICLE{1970A&A.....5...84Z,
       author = {{Zel'dovich}, Ya. B.},
        title = "{Gravitational instability: An approximate theory for large density perturbations.}",
      journal = {\aap},
         year = 1970,
        month = mar,
       volume = {5},
        pages = {84-89},
       adsurl = {https://ui.adsabs.harvard.edu/abs/1970A&A.....5...84Z},
      adsnote = {Provided by the SAO/NASA Astrophysics Data System}
}

@ARTICLE{2007MNRAS.378...55M,
       author = {{Macci{\`o}}, Andrea V. and {Dutton}, Aaron A. and {van den Bosch}, Frank C. and {Moore}, Ben and {Potter}, Doug and {Stadel}, Joachim},
        title = "{Concentration, spin and shape of dark matter haloes: scatter and the dependence on mass and environment}",
      journal = {\mnras},
     keywords = {gravitation, methods: N-body simulations, methods: numerical, galaxies: haloes, cosmology: theory, dark matter, Astrophysics},
         year = 2007,
        month = jun,
       volume = {378},
       number = {1},
        pages = {55-71},
          doi = {10.1111/j.1365-2966.2007.11720.x},
archivePrefix = {arXiv},
       eprint = {astro-ph/0608157},
 primaryClass = {astro-ph},
       adsurl = {https://ui.adsabs.harvard.edu/abs/2007MNRAS.378...55M},
      adsnote = {Provided by the SAO/NASA Astrophysics Data System}
}


@ARTICLE{2018MNRAS.474.3976G,
       author = {{Genel}, Shy and {Nelson}, Dylan and {Pillepich}, Annalisa and {Springel}, Volker and {Pakmor}, R{\"u}diger and {Weinberger}, Rainer and {Hernquist}, Lars and {Naiman}, Jill and {Vogelsberger}, Mark and {Marinacci}, Federico and {Torrey}, Paul},
        title = "{The size evolution of star-forming and quenched galaxies in the IllustrisTNG simulation}",
      journal = {\mnras},
     keywords = {methods: numerical, galaxies: evolution, galaxies: formation, galaxies: structure, cosmology: theory, Astrophysics - Astrophysics of Galaxies},
         year = 2018,
        month = mar,
       volume = {474},
       number = {3},
        pages = {3976-3996},
          doi = {10.1093/mnras/stx3078},
archivePrefix = {arXiv},
       eprint = {1707.05327},
 primaryClass = {astro-ph.GA},
       adsurl = {https://ui.adsabs.harvard.edu/abs/2018MNRAS.474.3976G},
      adsnote = {Provided by the SAO/NASA Astrophysics Data System}
}


@ARTICLE{2015MNRAS.452.2879T,
       author = {{Trayford}, James W. and {Theuns}, Tom and {Bower}, Richard G. and {Schaye}, Joop and {Furlong}, Michelle and {Schaller}, Matthieu and {Frenk}, Carlos S. and {Crain}, Robert A. and {Dalla Vecchia}, Claudio and {McCarthy}, Ian G.},
        title = "{Colours and luminosities of z = 0.1 galaxies in the EAGLE simulation}",
      journal = {\mnras},
     keywords = {galaxies: general, galaxies: luminosity function, mass function, Astrophysics - Astrophysics of Galaxies, Astrophysics - Cosmology and Nongalactic Astrophysics},
         year = 2015,
        month = sep,
       volume = {452},
       number = {3},
        pages = {2879-2896},
          doi = {10.1093/mnras/stv1461},
archivePrefix = {arXiv},
       eprint = {1504.04374},
 primaryClass = {astro-ph.GA},
       adsurl = {https://ui.adsabs.harvard.edu/abs/2015MNRAS.452.2879T},
      adsnote = {Provided by the SAO/NASA Astrophysics Data System}
}


@ARTICLE{2014arXiv1406.6606S,
       author = {{Sellwood}, J.~A.},
        title = "{GALAXY package for N-body simulation}",
      journal = {arXiv e-prints},
     keywords = {Astrophysics - Instrumentation and Methods for Astrophysics, Astrophysics - Astrophysics of Galaxies},
         year = 2014,
        month = jun,
          eid = {arXiv:1406.6606},
        pages = {arXiv:1406.6606},
archivePrefix = {arXiv},
       eprint = {1406.6606},
 primaryClass = {astro-ph.IM},
       adsurl = {https://ui.adsabs.harvard.edu/abs/2014arXiv1406.6606S},
      adsnote = {Provided by the SAO/NASA Astrophysics Data System}
}

@ARTICLE{2022ApJ...927..198L,
       author = {{Li}, Pengfei and {McGaugh}, Stacy S. and {Lelli}, Federico and {Tian}, Yong and {Schombert}, James M. and {Ko}, Chung-Ming},
        title = "{The Effect of Adiabatic Compression on Dark Matter Halos and the Radial Acceleration Relation}",
      journal = {\apj},
     keywords = {Dark matter, Galaxy dynamics, Galaxy kinematics, Spiral galaxies, Dwarf galaxies, 353, 591, 602, 1560, 416, Astrophysics - Astrophysics of Galaxies, Astrophysics - Cosmology and Nongalactic Astrophysics},
         year = 2022,
        month = mar,
       volume = {927},
       number = {2},
          eid = {198},
        pages = {198},
          doi = {10.3847/1538-4357/ac52aa},
archivePrefix = {arXiv},
       eprint = {2202.03421},
 primaryClass = {astro-ph.GA},
       adsurl = {https://ui.adsabs.harvard.edu/abs/2022ApJ...927..198L},
      adsnote = {Provided by the SAO/NASA Astrophysics Data System}
}


@ARTICLE{2014MNRAS.441.2986D,
       author = {{Di Cintio}, Arianna and {Brook}, Chris B. and {Dutton}, Aaron A. and {Macci{\`o}}, Andrea V. and {Stinson}, Greg S. and {Knebe}, Alexander},
        title = "{A mass-dependent density profile for dark matter haloes including the influence of galaxy formation}",
      journal = {\mnras},
     keywords = {hydrodynamics, galaxies: evolution, dark matter, Astrophysics - Cosmology and Nongalactic Astrophysics, Astrophysics - Astrophysics of Galaxies},
         year = 2014,
        month = jul,
       volume = {441},
       number = {4},
        pages = {2986-2995},
          doi = {10.1093/mnras/stu729},
archivePrefix = {arXiv},
       eprint = {1404.5959},
 primaryClass = {astro-ph.CO},
       adsurl = {https://ui.adsabs.harvard.edu/abs/2014MNRAS.441.2986D},
      adsnote = {Provided by the SAO/NASA Astrophysics Data System}
}


@ARTICLE{2015MNRAS.451.1247S,
       author = {{Schaller}, Matthieu and {Frenk}, Carlos S. and {Bower}, Richard G. and {Theuns}, Tom and {Jenkins}, Adrian and {Schaye}, Joop and {Crain}, Robert A. and {Furlong}, Michelle and {Dalla Vecchia}, Claudio and {McCarthy}, I.~G.},
        title = "{Baryon effects on the internal structure of {\ensuremath{\Lambda}}CDM haloes in the EAGLE simulations}",
      journal = {\mnras},
     keywords = {cosmology: theory, dark matter, large-scale structure of Universe, Astrophysics - Cosmology and Nongalactic Astrophysics, Astrophysics - Astrophysics of Galaxies},
         year = 2015,
        month = aug,
       volume = {451},
       number = {2},
        pages = {1247-1267},
          doi = {10.1093/mnras/stv1067},
archivePrefix = {arXiv},
       eprint = {1409.8617},
 primaryClass = {astro-ph.CO},
       adsurl = {https://ui.adsabs.harvard.edu/abs/2015MNRAS.451.1247S},
      adsnote = {Provided by the SAO/NASA Astrophysics Data System}
}

@ARTICLE{2008ApJ...681.1076D,
       author = {{Debattista}, Victor P. and {Moore}, Ben and {Quinn}, Thomas and {Kazantzidis}, Stelios and {Maas}, Ryan and {Mayer}, Lucio and {Read}, Justin and {Stadel}, Joachim},
        title = "{The Causes of Halo Shape Changes Induced by Cooling Baryons: Disks versus Substructures}",
      journal = {\apj},
     keywords = {dark matter, galaxies: evolution, galaxies: formation, galaxies: halos, Astrophysics},
         year = 2008,
        month = jul,
       volume = {681},
       number = {2},
        pages = {1076-1088},
          doi = {10.1086/587977},
archivePrefix = {arXiv},
       eprint = {0707.0737},
 primaryClass = {astro-ph},
       adsurl = {https://ui.adsabs.harvard.edu/abs/2008ApJ...681.1076D},
      adsnote = {Provided by the SAO/NASA Astrophysics Data System}
}

@ARTICLE{1988ApJ...327..507F,
       author = {{Frenk}, Carlos S. and {White}, Simon D.~M. and {Davis}, Marc and {Efstathiou}, George},
        title = "{The Formation of Dark Halos in a Universe Dominated by Cold Dark Matter}",
      journal = {\apj},
     keywords = {Cosmology, Dark Matter, Galactic Evolution, Galactic Structure, Spiral Galaxies, Stellar Luminosity, Astronomical Models, Computational Astrophysics, Galactic Clusters, Morphology, Universe, Astrophysics, COSMOLOGY, DARK MATTER, GALAXIES: FORMATION, GALAXIES: INTERNAL MOTIONS, GALAXIES: STRUCTURE, NUMERICAL METHODS},
         year = 1988,
        month = apr,
       volume = {327},
        pages = {507},
          doi = {10.1086/166213},
       adsurl = {https://ui.adsabs.harvard.edu/abs/1988ApJ...327..507F},
      adsnote = {Provided by the SAO/NASA Astrophysics Data System}
}

@ARTICLE{2018MNRAS.480.3962C,
       author = {{Chisari}, N.~E. and {Richardson}, M.~L.~A. and {Devriendt}, J. and {Dubois}, Y. and {Schneider}, A. and {Le Brun}, A.~M.~C. and {Beckmann}, R.~S. and {Peirani}, S. and {Slyz}, A. and {Pichon}, C.},
        title = "{The impact of baryons on the matter power spectrum from the Horizon-AGN cosmological hydrodynamical simulation}",
      journal = {\mnras},
     keywords = {gravitational lensing: weak, methods: numerical, large-scale structure of Universe, cosmology: theory, Astrophysics - Cosmology and Nongalactic Astrophysics},
         year = 2018,
        month = nov,
       volume = {480},
       number = {3},
        pages = {3962-3977},
          doi = {10.1093/mnras/sty2093},
archivePrefix = {arXiv},
       eprint = {1801.08559},
 primaryClass = {astro-ph.CO},
       adsurl = {https://ui.adsabs.harvard.edu/abs/2018MNRAS.480.3962C},
      adsnote = {Provided by the SAO/NASA Astrophysics Data System}
}

@ARTICLE{2015MNRAS.450.4486F,
       author = {{Furlong}, M. and {Bower}, R.~G. and {Theuns}, T. and {Schaye}, J. and {Crain}, R.~A. and {Schaller}, M. and {Dalla Vecchia}, C. and {Frenk}, C.~S. and {McCarthy}, I.~G. and {Helly}, J. and {Jenkins}, A. and {Rosas-Guevara}, Y.~M.},
        title = "{Evolution of galaxy stellar masses and star formation rates in the EAGLE simulations}",
      journal = {\mnras},
     keywords = {galaxies: abundances, galaxies: evolution, galaxies: formation, galaxies: high-redshift, galaxies: star formation, Astrophysics - Astrophysics of Galaxies},
         year = 2015,
        month = jul,
       volume = {450},
       number = {4},
        pages = {4486-4504},
          doi = {10.1093/mnras/stv852},
archivePrefix = {arXiv},
       eprint = {1410.3485},
 primaryClass = {astro-ph.GA},
       adsurl = {https://ui.adsabs.harvard.edu/abs/2015MNRAS.450.4486F},
      adsnote = {Provided by the SAO/NASA Astrophysics Data System}
}

@ARTICLE{2015MNRAS.452..343S,
       author = {{Schaller}, Matthieu and {Frenk}, Carlos S. and {Bower}, Richard G. and {Theuns}, Tom and {Trayford}, James and {Crain}, Robert A. and {Furlong}, Michelle and {Schaye}, Joop and {Dalla Vecchia}, Claudio and {McCarthy}, I.~G.},
        title = "{The effect of baryons on the inner density profiles of rich clusters}",
      journal = {\mnras},
     keywords = {galaxies: clusters: general, galaxies: haloes, cosmology: theory, dark matter, Astrophysics - Cosmology and Nongalactic Astrophysics, Astrophysics - Astrophysics of Galaxies},
         year = 2015,
        month = sep,
       volume = {452},
       number = {1},
        pages = {343-355},
          doi = {10.1093/mnras/stv1341},
archivePrefix = {arXiv},
       eprint = {1409.8297},
 primaryClass = {astro-ph.CO},
       adsurl = {https://ui.adsabs.harvard.edu/abs/2015MNRAS.452..343S},
      adsnote = {Provided by the SAO/NASA Astrophysics Data System}
}

@ARTICLE{2015MNRAS.448.2941S,
       author = {{Sawala}, Till and {Frenk}, Carlos S. and {Fattahi}, Azadeh and {Navarro}, Julio F. and {Bower}, Richard G. and {Crain}, Robert A. and {Dalla Vecchia}, Claudio and {Furlong}, Michelle and {Jenkins}, Adrian and {McCarthy}, Ian G. and {Qu}, Yan and {Schaller}, Matthieu and {Schaye}, Joop and {Theuns}, Tom},
        title = "{Bent by baryons: the low-mass galaxy-halo relation}",
      journal = {\mnras},
     keywords = {galaxies: abundances, galaxies: dwarf, galaxies: evolution, galaxies: formation, cosmology: theory, Astrophysics - Astrophysics of Galaxies, Astrophysics - Cosmology and Nongalactic Astrophysics},
         year = 2015,
        month = apr,
       volume = {448},
       number = {3},
        pages = {2941-2947},
          doi = {10.1093/mnras/stu2753},
archivePrefix = {arXiv},
       eprint = {1404.3724},
 primaryClass = {astro-ph.GA},
       adsurl = {https://ui.adsabs.harvard.edu/abs/2015MNRAS.448.2941S},
      adsnote = {Provided by the SAO/NASA Astrophysics Data System}
}


@ARTICLE{1996MNRAS.283L..72N,
       author = {{Navarro}, Julio F. and {Eke}, Vincent R. and {Frenk}, Carlos S.},
        title = "{The cores of dwarf galaxy haloes}",
      journal = {\mnras},
     keywords = {GALAXIES: FORMATION, GALAXIES: HALOES, GALAXIES: STRUCTURE, DARK MATTER, Astrophysics},
         year = 1996,
        month = dec,
       volume = {283},
       number = {3},
        pages = {L72-L78},
          doi = {10.1093/mnras/283.3.L72},
archivePrefix = {arXiv},
       eprint = {astro-ph/9610187},
 primaryClass = {astro-ph},
       adsurl = {https://ui.adsabs.harvard.edu/abs/1996MNRAS.283L..72N},
      adsnote = {Provided by the SAO/NASA Astrophysics Data System}
}

@ARTICLE{2021MNRAS.503.3596A,
       author = {{Aric{\`o}}, Giovanni and {Angulo}, Raul E. and {Hern{\'a}ndez-Monteagudo}, Carlos and {Contreras}, Sergio and {Zennaro}, Matteo},
        title = "{Simultaneous modelling of matter power spectrum and bispectrum in the presence of baryons}",
      journal = {\mnras},
     keywords = {cosmological parameters, cosmology: theory, large-scale structure of Universe, Astrophysics - Cosmology and Nongalactic Astrophysics, Astrophysics - Astrophysics of Galaxies},
         year = 2021,
        month = may,
       volume = {503},
       number = {3},
        pages = {3596-3609},
          doi = {10.1093/mnras/stab699},
archivePrefix = {arXiv},
       eprint = {2009.14225},
 primaryClass = {astro-ph.CO},
       adsurl = {https://ui.adsabs.harvard.edu/abs/2021MNRAS.503.3596A},
      adsnote = {Provided by the SAO/NASA Astrophysics Data System}
}

@ARTICLE{2014Natur.506..171P,
       author = {{Pontzen}, Andrew and {Governato}, Fabio},
        title = "{Cold dark matter heats up}",
      journal = {\nat},
     keywords = {Astrophysics - Cosmology and Extragalactic Astrophysics},
         year = 2014,
        month = feb,
       volume = {506},
       number = {7487},
        pages = {171-178},
          doi = {10.1038/nature12953},
archivePrefix = {arXiv},
       eprint = {1402.1764},
 primaryClass = {astro-ph.CO},
       adsurl = {https://ui.adsabs.harvard.edu/abs/2014Natur.506..171P},
      adsnote = {Provided by the SAO/NASA Astrophysics Data System}
}

@ARTICLE{2010MNRAS.402.1536S,
       author = {{Schaye}, Joop and {Dalla Vecchia}, Claudio and {Booth}, C.~M. and {Wiersma}, Robert P.~C. and {Theuns}, Tom and {Haas}, Marcel R. and {Bertone}, Serena and {Duffy}, Alan R. and {McCarthy}, I.~G. and {van de Voort}, Freeke},
        title = "{The physics driving the cosmic star formation history}",
      journal = {\mnras},
     keywords = {stars: formation, galaxies: evolution, galaxies: formation, cosmology: theory, Astrophysics - Cosmology and Extragalactic Astrophysics, Astrophysics - Galaxy Astrophysics},
         year = 2010,
        month = mar,
       volume = {402},
       number = {3},
        pages = {1536-1560},
          doi = {10.1111/j.1365-2966.2009.16029.x},
archivePrefix = {arXiv},
       eprint = {0909.5196},
 primaryClass = {astro-ph.CO},
       adsurl = {https://ui.adsabs.harvard.edu/abs/2010MNRAS.402.1536S},
      adsnote = {Provided by the SAO/NASA Astrophysics Data System}
}

@ARTICLE{2014MNRAS.445..175G,
       author = {{Genel}, Shy and {Vogelsberger}, Mark and {Springel}, Volker and {Sijacki}, Debora and {Nelson}, Dylan and {Snyder}, Greg and {Rodriguez-Gomez}, Vicente and {Torrey}, Paul and {Hernquist}, Lars},
        title = "{Introducing the Illustris project: the evolution of galaxy populations across cosmic time}",
      journal = {\mnras},
     keywords = {hydrodynamics, methods: numerical, galaxies: evolution, galaxies: formation, galaxies: high-redshift, cosmology: theory, Astrophysics - Cosmology and Nongalactic Astrophysics, Astrophysics - Astrophysics of Galaxies},
         year = 2014,
        month = nov,
       volume = {445},
       number = {1},
        pages = {175-200},
          doi = {10.1093/mnras/stu1654},
archivePrefix = {arXiv},
       eprint = {1405.3749},
 primaryClass = {astro-ph.CO},
       adsurl = {https://ui.adsabs.harvard.edu/abs/2014MNRAS.445..175G},
      adsnote = {Provided by the SAO/NASA Astrophysics Data System}
}

@ARTICLE{2014MNRAS.445..581H,
       author = {{Hopkins}, Philip F. and {Kere{\v{s}}}, Du{\v{s}}an and {O{\~n}orbe}, Jos{\'e} and {Faucher-Gigu{\`e}re}, Claude-Andr{\'e} and {Quataert}, Eliot and {Murray}, Norman and {Bullock}, James S.},
        title = "{Galaxies on FIRE (Feedback In Realistic Environments): stellar feedback explains cosmologically inefficient star formation}",
      journal = {\mnras},
     keywords = {stars: formation, galaxies: active, galaxies: evolution, galaxies: formation, cosmology: theory, Astrophysics - Cosmology and Nongalactic Astrophysics, Astrophysics - Astrophysics of Galaxies},
         year = 2014,
        month = nov,
       volume = {445},
       number = {1},
        pages = {581-603},
          doi = {10.1093/mnras/stu1738},
archivePrefix = {arXiv},
       eprint = {1311.2073},
 primaryClass = {astro-ph.CO},
       adsurl = {https://ui.adsabs.harvard.edu/abs/2014MNRAS.445..581H},
      adsnote = {Provided by the SAO/NASA Astrophysics Data System}
}

@ARTICLE{wr78,
   author = {{White}, S.~D.~M. and {Rees}, M.~J.},
    title = "{Core condensation in heavy halos - A two-stage theory for galaxy formation and clustering}",
  journal = {\mnras},
 keywords = {Astronomical Models, Galactic Clusters, Galactic Evolution, Galactic Nuclei, Gravitational Effects, Halos, Critical Mass, Dark Matter, Dynamic Models, Interstellar Gas, Luminosity, Many Body Problem, Red Shift},
     year = 1978,
    month = may,
   volume = 183,
    pages = {341-358},
   adsurl = {http://adsabs.harvard.edu/abs/1978MNRAS.183..341W},
  adsnote = {Provided by the SAO/NASA Astrophysics Data System}
}


@Article{hunter07_matplotlib,
  Author    = {Hunter, J. D.},
  Title     = {Matplotlib: A 2D graphics environment},
  Journal   = {Computing In Science \& Engineering},
  Volume    = {9},
  Number    = {3},
  Pages     = {90--95},
  abstract  = {Matplotlib is a 2D graphics package used for Python
  for application development, interactive scripting, and
  publication-quality image generation across user
  interfaces and operating systems.},
  publisher = {IEEE COMPUTER SOC},
  doi = {10.1109/MCSE.2007.55},
  year      = 2007
}

@ARTICLE{scipy,
  author  = {Virtanen, Pauli and Gommers, Ralf and Oliphant, Travis E. and
            Haberland, Matt and Reddy, Tyler and Cournapeau, David and
            Burovski, Evgeni and Peterson, Pearu and Weckesser, Warren and
            Bright, Jonathan and {van der Walt}, St{\'e}fan J. and
            Brett, Matthew and Wilson, Joshua and Millman, K. Jarrod and
            Mayorov, Nikolay and Nelson, Andrew R. J. and Jones, Eric and
            Kern, Robert and Larson, Eric and Carey, C J and
            Polat, {\.I}lhan and Feng, Yu and Moore, Eric W. and
            {VanderPlas}, Jake and Laxalde, Denis and Perktold, Josef and
            Cimrman, Robert and Henriksen, Ian and Quintero, E. A. and
            Harris, Charles R. and Archibald, Anne M. and
            Ribeiro, Ant{\^o}nio H. and Pedregosa, Fabian and
            {van Mulbregt}, Paul and {SciPy 1.0 Contributors}},
  title   = {{{SciPy} 1.0: Fundamental Algorithms for Scientific
            Computing in Python}},
  journal = {Nature Methods},
  year    = {2020},
  volume  = {17},
  pages   = {261--272},
  adsurl  = {https://rdcu.be/b08Wh},
  doi     = {10.1038/s41592-019-0686-2},
}

@ARTICLE{vanderwalt-numpy,
   author = {{Van Der Walt}, S. and {Colbert}, S.~C. and {Varoquaux}, G.},
    title = "{The NumPy array: a structure for efficient numerical computation}",
  journal = {ArXiv e-prints},
archivePrefix = "arXiv",
   eprint = {1102.1523},
 primaryClass = "cs.MS",
 keywords = {Computer Science - Mathematical Software},
     year = 2011,
    month = feb,
   adsurl = {http://adsabs.harvard.edu/abs/2011arXiv1102.1523V},
  adsnote = {Provided by the SAO/NASA Astrophysics Data System}
}


@ARTICLE{lmsp17,
       author = {{Lelli}, Federico and {McGaugh}, Stacy S. and {Schombert}, James M. and {Pawlowski}, Marcel S.},
        title = "{One Law to Rule Them All: The Radial Acceleration Relation of Galaxies}",
      journal = {\apj},
     keywords = {dark matter, galaxies: dwarf, galaxies: elliptical and lenticular, cD, galaxies: irregular, galaxies: kinematics and dynamics, galaxies: spiral, Astrophysics - Astrophysics of Galaxies},
         year = 2017,
        month = feb,
       volume = {836},
       number = {2},
          eid = {152},
        pages = {152},
          doi = {10.3847/1538-4357/836/2/152},
archivePrefix = {arXiv},
       eprint = {1610.08981},
 primaryClass = {astro-ph.GA},
       adsurl = {https://ui.adsabs.harvard.edu/abs/2017ApJ...836..152L},
      adsnote = {Provided by the SAO/NASA Astrophysics Data System}
}

@ARTICLE{lms16b,
       author = {{Lelli}, Federico and {McGaugh}, Stacy S. and {Schombert}, James M.},
        title = "{SPARC: Mass Models for 175 Disk Galaxies with Spitzer Photometry and Accurate Rotation Curves}",
      journal = {\aj},
     keywords = {dark matter, galaxies: dwarf, galaxies: irregular, galaxies: kinematics and dynamics, galaxies: spiral, galaxies: structure, Astrophysics - Astrophysics of Galaxies, Astrophysics - Cosmology and Nongalactic Astrophysics},
         year = 2016,
        month = dec,
       volume = {152},
       number = {6},
          eid = {157},
        pages = {157},
          doi = {10.3847/0004-6256/152/6/157},
archivePrefix = {arXiv},
       eprint = {1606.09251},
 primaryClass = {astro-ph.GA},
       adsurl = {https://ui.adsabs.harvard.edu/abs/2016AJ....152..157L},
      adsnote = {Provided by the SAO/NASA Astrophysics Data System}
}

@ARTICLE{pscs21,
       author = {{Paranjape}, Aseem and {Srianand}, R. and {Choudhury}, Tirthankar Roy and {Sheth}, Ravi K.},
        title = "{The distribution of HI velocity profiles in a $\Lambda$CDM universe}",
      journal = {arXiv e-prints},
     keywords = {Astrophysics - Astrophysics of Galaxies, Astrophysics - Cosmology and Nongalactic Astrophysics},
         year = 2021,
        month = may,
          eid = {arXiv:2105.04570},
        pages = {arXiv:2105.04570},
archivePrefix = {arXiv},
       eprint = {2105.04570},
 primaryClass = {astro-ph.GA},
       adsurl = {https://ui.adsabs.harvard.edu/abs/2021arXiv210504570P},
      adsnote = {Provided by the SAO/NASA Astrophysics Data System}
}

@ARTICLE{llms20,
       author = {{Li}, Pengfei and {Lelli}, Federico and {McGaugh}, Stacy and {Schombert}, James},
        title = "{A Comprehensive Catalog of Dark Matter Halo Models for SPARC Galaxies}",
      journal = {\apjs},
     keywords = {1880, 591, 595, 594, 619, 602, 356, 265, 1560, 416, 907, Astrophysics - Astrophysics of Galaxies, Astrophysics - Cosmology and Nongalactic Astrophysics},
         year = 2020,
        month = mar,
       volume = {247},
       number = {1},
          eid = {31},
        pages = {31},
          doi = {10.3847/1538-4365/ab700e},
archivePrefix = {arXiv},
       eprint = {2001.10538},
 primaryClass = {astro-ph.GA},
       adsurl = {https://ui.adsabs.harvard.edu/abs/2020ApJS..247...31L},
      adsnote = {Provided by the SAO/NASA Astrophysics Data System}
}

@ARTICLE{bfln18,
       author = {{Ben{\'\i}tez-Llambay}, Alejandro and {Frenk}, Carlos S. and {Ludlow}, Aaron D. and {Navarro}, Julio F.},
        title = "{Baryon-induced dark matter cores in the EAGLE simulations}",
      journal = {\mnras},
     keywords = {galaxies: dwarf, galaxies: haloes, dark matter, Astrophysics - Astrophysics of Galaxies},
         year = 2019,
        month = sep,
       volume = {488},
       number = {2},
        pages = {2387-2404},
          doi = {10.1093/mnras/stz1890},
archivePrefix = {arXiv},
       eprint = {1810.04186},
 primaryClass = {astro-ph.GA},
       adsurl = {https://ui.adsabs.harvard.edu/abs/2019MNRAS.488.2387B},
      adsnote = {Provided by the SAO/NASA Astrophysics Data System}
}

@ARTICLE{roper+22,
       author = {{Roper}, Finn A. and {Oman}, Kyle A. and {Frenk}, Carlos S. and {Ben{\'\i}tez-Llambay}, Alejandro and {Navarro}, Julio F. and {Santos-Santos}, Isabel M.~E.},
        title = "{The diversity of rotation curves of simulated galaxies with cusps and cores}",
      journal = {arXiv e-prints},
     keywords = {Astrophysics - Astrophysics of Galaxies},
         year = 2022,
        month = mar,
          eid = {arXiv:2203.16652},
        pages = {arXiv:2203.16652},
archivePrefix = {arXiv},
       eprint = {2203.16652},
 primaryClass = {astro-ph.GA},
       adsurl = {https://ui.adsabs.harvard.edu/abs/2022arXiv220316652R},
      adsnote = {Provided by the SAO/NASA Astrophysics Data System}
}

@ARTICLE{hwvh15,
       author = {{Harnois-D{\'e}raps}, Joachim and {van Waerbeke}, Ludovic and {Viola}, Massimo and {Heymans}, Catherine},
        title = "{Baryons, neutrinos, feedback and weak gravitational lensing}",
      journal = {\mnras},
     keywords = {gravitational lensing: weak, neutrinos, galaxies: formation, cosmological parameters, dark matter, Astrophysics - Cosmology and Nongalactic Astrophysics},
         year = 2015,
        month = jun,
       volume = {450},
       number = {2},
        pages = {1212-1223},
          doi = {10.1093/mnras/stv646},
archivePrefix = {arXiv},
       eprint = {1407.4301},
 primaryClass = {astro-ph.CO},
       adsurl = {https://ui.adsabs.harvard.edu/abs/2015MNRAS.450.1212H},
      adsnote = {Provided by the SAO/NASA Astrophysics Data System}
}

@ARTICLE{mead+15,
       author = {{Mead}, A.~J. and {Peacock}, J.~A. and {Heymans}, C. and {Joudaki}, S. and {Heavens}, A.~F.},
        title = "{An accurate halo model for fitting non-linear cosmological power spectra and baryonic feedback models}",
      journal = {\mnras},
     keywords = {gravitational lensing: weak, cosmology: theory, dark energy, large-scale structure of Universe, Astrophysics - Cosmology and Nongalactic Astrophysics},
         year = 2015,
        month = dec,
       volume = {454},
       number = {2},
        pages = {1958-1975},
          doi = {10.1093/mnras/stv2036},
archivePrefix = {arXiv},
       eprint = {1505.07833},
 primaryClass = {astro-ph.CO},
       adsurl = {https://ui.adsabs.harvard.edu/abs/2015MNRAS.454.1958M},
      adsnote = {Provided by the SAO/NASA Astrophysics Data System}
}


@ARTICLE{killedar+12,
       author = {{Killedar}, M. and {Borgani}, S. and {Meneghetti}, M. and {Dolag}, K. and {Fabjan}, D. and {Tornatore}, L.},
        title = "{How baryonic processes affect strong lensing properties of simulated galaxy clusters}",
      journal = {\mnras},
     keywords = {gravitational lensing: strong, methods: numerical, galaxies: clusters: general, cosmology: theory, Astrophysics - Cosmology and Nongalactic Astrophysics},
         year = 2012,
        month = nov,
       volume = {427},
       number = {1},
        pages = {533-549},
          doi = {10.1111/j.1365-2966.2012.21983.x},
archivePrefix = {arXiv},
       eprint = {1208.5770},
 primaryClass = {astro-ph.CO},
       adsurl = {https://ui.adsabs.harvard.edu/abs/2012MNRAS.427..533K},
      adsnote = {Provided by the SAO/NASA Astrophysics Data System}
}

@ARTICLE{velliscig+14,
       author = {{Velliscig}, Marco and {van Daalen}, Marcel P. and {Schaye}, Joop and {McCarthy}, Ian G. and {Cacciato}, Marcello and {Le Brun}, Amandine M.~C. and {Dalla Vecchia}, Claudio},
        title = "{The impact of galaxy formation on the total mass, mass profile and abundance of haloes}",
      journal = {\mnras},
     keywords = {galaxies: formation, galaxies: haloes, cosmology: theory, large-scale structure of Universe, Astrophysics - Cosmology and Nongalactic Astrophysics, Astrophysics - Astrophysics of Galaxies},
         year = 2014,
        month = aug,
       volume = {442},
       number = {3},
        pages = {2641-2658},
          doi = {10.1093/mnras/stu1044},
archivePrefix = {arXiv},
       eprint = {1402.4461},
 primaryClass = {astro-ph.CO},
       adsurl = {https://ui.adsabs.harvard.edu/abs/2014MNRAS.442.2641V},
      adsnote = {Provided by the SAO/NASA Astrophysics Data System}
}

@ARTICLE{2017MNRAS.467.4739K,
       author = {{Kaviraj}, S. and {Laigle}, C. and {Kimm}, T. and {Devriendt}, J.~E.~G. and {Dubois}, Y. and {Pichon}, C. and {Slyz}, A. and {Chisari}, E. and {Peirani}, S.},
        title = "{The Horizon-AGN simulation: evolution of galaxy properties over cosmic time}",
      journal = {\mnras},
     keywords = {methods: numerical, galaxies: evolution, galaxies: formation, galaxies: high-redshift, cosmology: theory, large-scale structure of Universe, Astrophysics - Astrophysics of Galaxies},
         year = 2017,
        month = jun,
       volume = {467},
       number = {4},
        pages = {4739-4752},
          doi = {10.1093/mnras/stx126},
archivePrefix = {arXiv},
       eprint = {1605.09379},
 primaryClass = {astro-ph.GA},
       adsurl = {https://ui.adsabs.harvard.edu/abs/2017MNRAS.467.4739K},
      adsnote = {Provided by the SAO/NASA Astrophysics Data System}
}

@ARTICLE{2019MNRAS.486.2827D,
       author = {{Dav{\'e}}, Romeel and {Angl{\'e}s-Alc{\'a}zar}, Daniel and {Narayanan}, Desika and {Li}, Qi and {Rafieferantsoa}, Mika H. and {Appleby}, Sarah},
        title = "{SIMBA: Cosmological simulations with black hole growth and feedback}",
      journal = {\mnras},
     keywords = {galaxies: evolution, galaxies: formation, Astrophysics - Astrophysics of Galaxies, Astrophysics - Cosmology and Nongalactic Astrophysics},
         year = 2019,
        month = jun,
       volume = {486},
       number = {2},
        pages = {2827-2849},
          doi = {10.1093/mnras/stz937},
archivePrefix = {arXiv},
       eprint = {1901.10203},
 primaryClass = {astro-ph.GA},
       adsurl = {https://ui.adsabs.harvard.edu/abs/2019MNRAS.486.2827D},
      adsnote = {Provided by the SAO/NASA Astrophysics Data System}
}

@ARTICLE{schwimmbad,
       author = {{Price-Whelan}, Adrian M. and {Foreman-Mackey}, Daniel},
        title = "{schwimmbad: A uniform interface to parallel processing pools in Python}",
      journal = {The Journal of Open Source Software},
         year = 2017,
        month = sep,
       volume = {2},
          eid = {357},
        pages = {357},
          doi = {10.21105/joss.00357},
       adsurl = {https://ui.adsabs.harvard.edu/abs/2017JOSS....2..357P},
      adsnote = {Provided by the SAO/NASA Astrophysics Data System}
}

@ARTICLE{colossus,
       author = {{Diemer}, Benedikt},
        title = "{COLOSSUS: A Python Toolkit for Cosmology, Large-scale Structure, and Dark Matter Halos}",
      journal = {\apjs},
     keywords = {cosmology: theory, methods: numerical, Astrophysics - Cosmology and Nongalactic Astrophysics, Astrophysics - Instrumentation and Methods for Astrophysics},
         year = 2018,
        month = dec,
       volume = {239},
       number = {2},
          eid = {35},
        pages = {35},
          doi = {10.3847/1538-4365/aaee8c},
archivePrefix = {arXiv},
       eprint = {1712.04512},
 primaryClass = {astro-ph.CO},
       adsurl = {https://ui.adsabs.harvard.edu/abs/2018ApJS..239...35D},
      adsnote = {Provided by the SAO/NASA Astrophysics Data System}
}


@MISC{reback2020pandas,
        author       = {{The pandas development team}},
        title        = {pandas-dev/pandas: Pandas},
        publisher = {Zenodo},
         year = 2022,
        month = apr,
          eid = {10.5281/zenodo.3509134},
          doi = {10.5281/zenodo.3509134},
          url = {https://doi.org/10.5281/zenodo.3509134},
      version = {v1.4.2},
       adsurl = {https://ui.adsabs.harvard.edu/abs/2022zndo...3509134R},
      adsnote = {Provided by the SAO/NASA Astrophysics Data System}
}


@ARTICLE{freundlich+20,
       author = {{Freundlich}, Jonathan and {Jiang}, Fangzhou and {Dekel}, Avishai and {Cornuault}, Nicolas and {Ginzburg}, Omry and {Koskas}, R{\'e}my and {Lapiner}, Sharon and {Dutton}, Aaron and {Macci{\`o}}, Andrea V.},
        title = "{The Dekel-Zhao profile: a mass-dependent dark-matter density profile with flexible inner slope and analytic potential, velocity dispersion, and lensing properties}",
      journal = {\mnras},
     keywords = {galaxies: evolution, galaxies: haloes, dark matter, Astrophysics - Astrophysics of Galaxies},
         year = 2020,
        month = dec,
       volume = {499},
       number = {2},
        pages = {2912-2933},
          doi = {10.1093/mnras/staa2790},
archivePrefix = {arXiv},
       eprint = {2004.08395},
 primaryClass = {astro-ph.GA},
       adsurl = {https://ui.adsabs.harvard.edu/abs/2020MNRAS.499.2912F},
      adsnote = {Provided by the SAO/NASA Astrophysics Data System}
}

@ARTICLE{bertschinger85,
       author = {{Bertschinger}, E.},
        title = "{Self-similar secondary infall and accretion in an Einstein-de Sitter universe}",
      journal = {\apjs},
     keywords = {Accretion Disks, Black Holes (Astronomy), Cosmology, Galactic Clusters, Galactic Evolution, Hydrodynamics, Relativity, Collisional Plasmas, Collisionless Plasmas, Density Distribution, Galactic Structure, Gravitational Collapse, Perturbation Theory, Shock Wave Propagation, Similarity Theorem, Astrophysics},
         year = 1985,
        month = may,
       volume = {58},
        pages = {39-65},
          doi = {10.1086/191028},
       adsurl = {https://ui.adsabs.harvard.edu/abs/1985ApJS...58...39B},
      adsnote = {Provided by the SAO/NASA Astrophysics Data System}
}

@ARTICLE{fg84,
       author = {{Fillmore}, J.~A. and {Goldreich}, P.},
        title = "{Self-similar gravitational collapse in an expanding universe}",
      journal = {\apj},
     keywords = {Cosmology, Gravitational Collapse, Similarity Theorem, Universe, Asymptotic Properties, Numerical Integration, Particle Trajectories, Relativity, Symmetry, Astrophysics},
         year = 1984,
        month = jun,
       volume = {281},
        pages = {1-8},
          doi = {10.1086/162070},
       adsurl = {https://ui.adsabs.harvard.edu/abs/1984ApJ...281....1F},
      adsnote = {Provided by the SAO/NASA Astrophysics Data System}
}

@ARTICLE{launagai+15,
       author = {{Lau}, Erwin T. and {Nagai}, Daisuke and {Avestruz}, Camille and {Nelson}, Kaylea and {Vikhlinin}, Alexey},
        title = "{Mass Accretion and its Effects on the Self-similarity of Gas Profiles in the Outskirts of Galaxy Clusters}",
      journal = {\apj},
     keywords = {cosmology: theory, galaxies: clusters: general, galaxies: clusters: intracluster medium, methods: numerical, Astrophysics - Cosmology and Nongalactic Astrophysics},
         year = 2015,
        month = jun,
       volume = {806},
       number = {1},
          eid = {68},
        pages = {68},
          doi = {10.1088/0004-637X/806/1/68},
archivePrefix = {arXiv},
       eprint = {1411.5361},
 primaryClass = {astro-ph.CO},
       adsurl = {https://ui.adsabs.harvard.edu/abs/2015ApJ...806...68L},
      adsnote = {Provided by the SAO/NASA Astrophysics Data System}
}

@ARTICLE{shi16,
       author = {{Shi}, Xun},
        title = "{The outer profile of dark matter haloes: an analytical approach}",
      journal = {\mnras},
     keywords = {methods: analytical, galaxies: clusters: general, cosmology: theory, dark matter, Astrophysics - Cosmology and Nongalactic Astrophysics},
         year = 2016,
        month = jul,
       volume = {459},
       number = {4},
        pages = {3711-3720},
          doi = {10.1093/mnras/stw925},
archivePrefix = {arXiv},
       eprint = {1603.01742},
 primaryClass = {astro-ph.CO},
       adsurl = {https://ui.adsabs.harvard.edu/abs/2016MNRAS.459.3711S},
      adsnote = {Provided by the SAO/NASA Astrophysics Data System}
}

@ARTICLE{riggs+22,
       author = {{Riggs}, Stephen D. and {Loveday}, Jon and {Thomas}, Peter A. and {Pillepich}, Annalisa and {Nelson}, Dylan and {Holwerda}, Benne W.},
        title = "{Exploring the effect of baryons on the radial distribution of satellite galaxies with GAMA and IllustrisTNG}",
      journal = {arXiv e-prints},
     keywords = {Astrophysics - Astrophysics of Galaxies, Astrophysics - Cosmology and Nongalactic Astrophysics},
         year = 2022,
        month = may,
          eid = {arXiv:2205.13563},
        pages = {arXiv:2205.13563},
archivePrefix = {arXiv},
       eprint = {2205.13563},
 primaryClass = {astro-ph.GA},
       adsurl = {https://ui.adsabs.harvard.edu/abs/2022arXiv220513563R},
      adsnote = {Provided by the SAO/NASA Astrophysics Data System}
}
